% --- standard PPL bib file (do not edit) --- %

%%%%%%%%%%%%%%%%%%%%%%%%%%%%%%%%%
%% Processor Architecture                
%%%%%%%%%%%%%%%%%%%%%%%%%%%%%%%%%


@inproceedings{kunle96cmp,
  author    = {Kunle Olukotun and
               Basem A. Nayfeh and
               Lance Hammond and
               Kenneth G. Wilson and
               Kunyung Chang},
  title     = {The Case for a Single-Chip Multiprocessor},
  booktitle = {ASPLOS '96},
  bibsource = {DBLP, http://dblp.uni-trier.de}
}


@article{sih93compile,
 author = {Sih, G. C. and Lee, E. A.},
 title = {A Compile-Time Scheduling Heuristic for Interconnection-Constrained Heterogeneous Processor Architectures},
 journal = {IEEE Trans. Parallel Distrib. Syst.},
 volume = {4},
 number = {2},
 year = {1993},
 issn = {1045-9219},
 pages = {175--187},
 doi = {http://dx.doi.org/10.1109/71.207593},
 publisher = {IEEE Press},
 address = {Piscataway, NJ, USA},
 }

@article{sutter05lunch,
  author = {Sutter, H.},
  journal = {Dr. Dobb's Journal},
  title = {The Free Lunch Is Over: A Fundamental Turn Toward Concurrency in Software},
  pages = {202--210},
  number = {3},
  volume = {30},
  year = {2005}
}

@article{opteron03micro,
     author = {Keltcher, Chetana N. and McGrath, Kevin J. and Ahmed, Ardsher and Conway, Pat},
     title = {The AMD Opteron Processor for Multiprocessor Servers},
     journal = {IEEE Micro},
     volume = {23},
     number = {2},
     year = {2003},
     issn = {0272-1732},
     pages = {66--76},
     doi = {http://dx.doi.org/10.1109/MM.2003.1196116},
     publisher = {IEEE Computer Society Press},
     address = {Los Alamitos, CA, USA},
}


%%%%%%%%%%%%%%%%%%%%%%%%%%%%%%%%%
%% Parallel Programming Models                
%%%%%%%%%%%%%%%%%%%%%%%%%%%%%%%%%

@article{micro10ubiquitous,
  author    = {Bryan C. Catanzaro and
               Armando Fox and
               Kurt Keutzer and
               David Patterson and
               Bor-Yiing Su and
               Marc Snir and
               Kunle Olukotun and
               Pat Hanrahan and
               Hassan Chafi},
  title     = {Ubiquitous Parallel Computing from {Berkeley}, {Illinois}, and
               {Stanford}},
  journal   = {IEEE Micro},
  volume    = {30},
  number    = {2},
  year      = {2010},
  pages     = {41-55},
  ee        = {http://doi.ieeecomputersociety.org/10.1109/MM.2010.42},
  bibsource = {DBLP, http://dblp.uni-trier.de}
}

@inproceedings{brown11dsl,
   title={A Heterogeneous Parallel Framework for Domain-Specific Languages},
   author={Brown, K.J. and Sujeeth, A.K. and Lee, H.J. and Rompf, T. and Chafi, H. and Olukotun, K.},
   booktitle={20th International Conference on Parallel Architectures and Compilation Techniques (PACT)},
   year={2011}
}

@article{lee11dsl,
 author = {Lee, HyoukJoong and Brown, Kevin and Sujeeth, Arvind and Chafi, Hassan and Rompf, Tiark and Odersky, Martin and Olukotun, Kunle},
 title = {Implementing Domain-Specific Languages for Heterogeneous Parallel Computing},
 journal = {IEEE Micro},
 issue_date = {September 2011},
 volume = {31},
 issue = {5},
 month = sep,
 year = {2011},
 issn = {0272-1732},
 pages = {42--53},
 numpages = {12},
 url = {http://dx.doi.org/10.1109/MM.2011.68},
 doi = {http://dx.doi.org/10.1109/MM.2011.68},
 acmid = {2068525},
 publisher = {IEEE Computer Society Press},
 address = {Los Alamitos, CA, USA},
 keywords = {parallel programming, domain-specific languages, heterogeneous computing, CPU, GPU},
} 

@inproceedings{ppopp11delite,
 author = {Chafi, H. and Sujeeth, A. K. and Brown, K. J. and Lee, H. and Atreya, A. R. and Olukotun, K.},
 title = {A domain-specific approach to heterogeneous parallelism},
 booktitle = {Proceedings of the 16th ACM symposium on Principles and practice of parallel programming},
 series = {PPoPP},
 year = {2011},
 location = {San Antonio, TX, USA},
} 

@inproceedings{icml11optiml,
 author = {Sujeeth, A. K. and Lee, H. and Brown, K. J. and Rompf, T. and Wu, Michael and Atreya, A. R. and Odersky, M. and Olukotun, K.},
 title = "{OptiML}: an Implicitly Parallel Domain-Specific Language for Machine Learning",
 booktitle = {Proceedings of the 28th International Conference on Machine Learning},
 series = {ICML},
 year = {2011},
 location = {Bellevue, WA, USA},
}

@article{DBLP:journals/sp/BudimlicBCKLNPPSST10,
  author    = {Zoran Budimlic and
               Michael Burke and
               Vincent Cav{\'e} and
               Kathleen Knobe and
               Geoff Lowney and
               Ryan Newton and
               Jens Palsberg and
               David M. Peixotto and
               Vivek Sarkar and
               Frank Schlimbach and
               Sagnak Tasirlar},
  title     = {Concurrent Collections},
  journal   = {Scientific Programming},
  volume    = {18},
  number    = {3-4},
  year      = {2010},
  pages     = {203-217},
  ee        = {http://dx.doi.org/10.3233/SPR-2011-0305},
  bibsource = {DBLP, http://dblp.uni-trier.de}
}

@inproceedings{Auerbach10lime,
 author = {Auerbach, Joshua and Bacon, David F. and Cheng, Perry and Rabbah, Rodric},
 title = {Lime: a Java-compatible and synthesizable language for heterogeneous architectures},
 booktitle = {Proceedings of the ACM international conference on Object oriented programming systems languages and applications},
 series = {OOPSLA '10},
 year = {2010},
 isbn = {978-1-4503-0203-6},
 location = {Reno/Tahoe, Nevada, USA},
 pages = {89--108},
 numpages = {20},
 url = {http://doi.acm.org/10.1145/1869459.1869469},
 doi = {http://doi.acm.org/10.1145/1869459.1869469},
 acmid = {1869469},
 publisher = {ACM},
 address = {New York, NY, USA},
 keywords = {fpga, functional programming, high level synthesis, object oriented, reconfigurable architecture, streaming, value type},
} 

%%%%%%%%%%%%%%%%%%%%%%%%%%%%%%%%%
%% Misc HW Architecture                
%%%%%%%%%%%%%%%%%%%%%%%%%%%%%%%%%

@INPROCEEDINGS{zhou07hcpa, 
    title={HARD: Hardware-Assisted Lockset-based Race Detection}, 
    author={Pin Zhou and Teodorescu, R. and Yuanyuan Zhou}, 
    booktitle = {HPCA '07: Proceedings of the 13th International Symposium on High-Performance Computer Architecture},
    year={2007}, 
   \month={Feb.}, 
    \pages={121-132}, 
    doi={10.1109/HPCA.2007.346191}, 
    }


@inproceedings{craig01hpca,
 author = {Zilles, Craig B. and Sohi, Gurindar S.},
 title = {A Programmable Co-processor for Profiling},
 booktitle = {HPCA '01: Proceedings of the 7th International Symposium on High-Performance Computer Architecture},
  year = {2001},
  isbn = {0-7695-1019-1},
  pages = {241},
  \publisher = {IEEE Computer Society},
  \address = {Washington, DC, USA},
}


@inproceedings{lee-10-debunking,
 author = {Lee, V. W. et al.},
 title = {Debunking the 100X GPU vs. CPU myth: an evaluation of throughput computing on CPU and GPU},
 booktitle = {Proc. ISCA},
 year = {2010},
}

@article{nick10micro,
 author = {Nickolls, John and Dally, William J.},
 title = {The GPU Computing Era},
 journal = {IEEE Micro},
 volume = {30},
 number = {2},
 year = {2010},
 }


% author = {Lee, Victor W. and Kim, Changkyu and Chhugani, Jatin and Deisher, Michael and Kim, Daehyun and Nguyen, Anthony D. and Satish, Nadathur and Smelyanskiy, Mikhail and Chennupaty, Srinivas and Hammarlund, Per and Singhal, Ronak and Dubey, Pradeep},
% isbn = {978-1-4503-0053-7},
%url = {http://doi.acm.org/10.1145/1815961.1816021},
%doi = {http://doi.acm.org/10.1145/1815961.1816021},
% pages = {451--460},
% numpages = {10},
% acmid = {1816021},
% publisher = {ACM},
% address = {New York, NY, USA},
% keywords = {cpu architecture, gpu architecture, performance analysis, performance measurement, software optimization, throughput computing},
%series = {ISCA '10},
% year = {2010},
% location = {Saint-Malo, France},



%%%%%%%%%%%%%%%%%%%%%%%%%%%%%%%%%
%% Java                
%%%%%%%%%%%%%%%%%%%%%%%%%%%%%%%%%

@misc{jsr133,
  key   = {{Java Specification Request (JSR) 133: Java Memory Model and Thread S
pecification}},
  title = {{\textit{Java Specification Request (JSR) 133: Java Memory Model and
Thread Specification}}},
  url   = {http://jcp.org/jsr/detail/133.jsp},
  day   = {30},
  month = {September},
  year  = {2004},
}


%%%%%%%%%%%%%%%%%%%%%%%%%%%%%%%%%
%% White Papers                
%%%%%%%%%%%%%%%%%%%%%%%%%%%%%%%%%

@MISC{intel-terascale,
  author = {Intel},
  title = {{From a Few Cores to Many: A Tera-scale Computing Research Review.}},
  howpublished = "Website",
  note = {\url{http://download.intel.com/research/platform/terascale/terascale_overview_paper.pdf}}
}

@MISC{amd-fusion,
  author = {AMD},
  title = "{The Industry-Changing Impact of Accelerated Computing.}",
  howpublished = "White Paper",
  year = {2008},
}
%note = {\url{http://sites.amd.com/us/Documents/AMD_fusion_Whitepaper.pdf}}


@MISC{peakstream,
  author = {{PeakStream}},
  title = {The {PeakStream} platform: High productivity software development for multi-core processors. Technical report},
  year = {2006} 
}


%%%%%%%%%%%%%%%%%%%%%%%%%%%%%%%%%
%% Domain Specific Languages
%%%%%%%%%%%%%%%%%%%%%%%%%%%%%%%%%

@MISC{armadillo, 
author = {Conrad Sanderson}, 
title = {{Armadillo: An Open Source C++ Linear Algebra Library for Fast Prototyping and Computationally Intensive Experiments. Technical Report, NICTA}}, 
year = {2006} 
}


@INPROCEEDINGS{bagge03design, 
title={Design of the {CodeBoost} transformation system for domain-specific optimisation of {C++} programs}, 
author={Bagge, O.S. and Kalleberg, K.T. and Haveraaen, M. and Visser, E.}, 
booktitle={Source Code Analysis and Manipulation, 2003. Proceedings. Third IEEE International Workshop on}, 
year={2003}, 
month={Sept.}, 
volume={}, 
number={}, 
pages={ 65-74}, 
keywords={ C++ language, optimising compilers, software tools C++ program optimisation, CodeBoost transformation framework, Sophus code, Stratego program transformation language, abstract coding style, domain-specific optimization, parsing, program compiler, semantic analysis, source-to-source transformation tool, totem annotation, user-defined rewrite rules}, 
doi={}, 
ISSN={ }, }


@MISC{bruce97whatmakes,
    author = {David Bruce},
    title = {What makes a good domain-specific language? APOSTLE, and its approach to parallel discrete event simulation},
    year = {1997}
}

@article{deursen00domain,
 author = {van Deursen, Arie and Klint, Paul and Visser, Joost},
 title = {Domain-specific languages: an annotated bibliography},
 journal = {SIGPLAN Not.},
 volume = {35},
 number = {6},
 year = {2000},
 issn = {0362-1340},
 pages = {26--36},
 doi = {http://doi.acm.org/10.1145/352029.352035},
 publisher = {ACM},
 address = {New York, NY, USA},
 }

@INPROCEEDINGS{faith97khepera,
    author = {Rickard E. Faith and Lars S. Nyland and Jan F. Prins},
    title = {Khepera: A System for Rapid Implementation of Domain Specific Languages},
    booktitle = {In Proceedings USENIX Conference on Domain-Speci Languages},
    year = {1997},
    pages = {243--255}
}

@inproceedings{guyver99annotation,
 author = {Guyer, Samuel Z. and Lin, Calvin},
 title = {An annotation language for optimizing software libraries},
 booktitle = {PLAN '99: Proceedings of the 2nd conference on Domain-specific languages},
 year = {1999},
 isbn = {1-58113-255-7},
 pages = {39--52},
 location = {Austin, Texas, United States},
 doi = {http://doi.acm.org/10.1145/331960.331970},
 publisher = {ACM},
 address = {New York, NY, USA},
 }

@inproceedings{hoffer08polymorphic,
  author = {Hofer, C. and Ostermann, K. and Rendel, T. and Moors, A.},
  title = {{Polymorphic embedding of DSLs}},
  location = {Nashville, TN, USA},
  series = {GPCE},
  year = {2008},
}

@article{hudak96building,
 author = {Hudak, P.},
 title = {Building domain-specific embedded languages},
 journal = {ACM Computing Surveys},
 volume = {28},
 issue = {4es},
 year = {1996},
 issn = {0360-0300},
 articleno = {196}
}

@Article{kennedy05telescoping,
  author = {Kennedy, Ken and Broom, Bradley and Chauhan, Arun and Fowler, Rob and Garvin, John and Koelbel, Charles and McCosh, Cheryl and Mellor-Crummey, John},
  title = {Telescoping Languages: A System for Automatic Generation of Domain Languages},
  year = {2005},
  journal = {Proceedings of the IEEE},
  volume = {93},
  number = {3},
  pages = {387{\textendash}408},
  note = {This provides a current overview of the entire Telescoping Languages Project}
}

@article{Bentley86little,
 author = {Bentley, Jon},
 title = {Programming pearls: little languages},
 journal = {Commun. ACM},
 volume = {29},
 number = {8},
 year = {1986},
 issn = {0001-0782},
 pages = {711--721},
 doi = {http://doi.acm.org/10.1145/6424.315691},
 publisher = {ACM},
 address = {New York, NY, USA},
 }


@inproceedings{menon99case,
 author = {Menon, Vijay and Pingali, Keshav},
 title = {A case for source-level transformations in {MATLAB}},
 booktitle = {PLAN '99: Proceedings of the 2nd conference on Domain-specific languages},
 year = {1999},
 isbn = {1-58113-255-7},
 pages = {53--65},
 location = {Austin, Texas, United States},
 doi = {http://doi.acm.org/10.1145/331960.331972},
 publisher = {ACM},
 address = {New York, NY, USA},
 }

@inproceedings{havelund10case-study,
 author = {Havelund, Klaus and Ingham, Michel and Wagner, David},
 title = {A Case Study in {DSL} Development: An Experiment with {Python} and {Scala}},
 booktitle = {The First Annual Scala Workshop at Scala Days 2010},
 year = {2010},
 location = {Lausanne, Switzerland},
 }

@article{mernik05when-dsl,
 author = {Mernik, Marjan and Heering, Jan and Sloane, Anthony M.},
 title = {When and how to develop domain-specific languages},
 journal = {ACM Comput. Surv.},
 volume = {37},
 number = {4},
 year = {2005},
 issn = {0360-0300},
 pages = {316--344},
 doi = {http://doi.acm.org/10.1145/1118890.1118892},
 publisher = {ACM},
 address = {New York, NY, USA},
 }

@inproceedings{hassan10virtualization,
 author = {Chafi, H. and DeVito, Z. and Moors, A. and Rompf, T. and Sujeeth, A. K.  and Hanrahan, P. and Odersky, M. and Olukotun, K.},
 title = {{Language Virtualization for Heterogeneous Parallel Computing}},
 series = {Onward!},
 year = {2010},
 location = {Reno/Tahoe, Nevada, USA},
 }

@article{rompf11dsl,
 author = {Rompf, Tiark and Sujeeth, Arvind K. and Lee, HyoukJoong and Brown, Kevin J. and Chafi, Hassan and Oderksy, Martin and Olukotun, Kunle},
 title = {Building-Blocks for Performance Oriented {DSLs}},
 journal = {Electronic Proceedings in Theoretical Computer Science},
 year = {2011},
 issn = {2075-2180},
}


@inproceedings{peterson99lambda,
 author = {Peterson, John and Hudak, Paul and Elliott, Conal},
 title = {Lambda in Motion: Controlling Robots with Haskell},
 series = {PADL '99},
 year = {1998},
}

@inproceedings{bruce97what,
 author = {Bruce, D.},
 series = {DSL'97},
 institution = {University of Illenois Computer Science Report},
 title = {{What makes a good domain-specific language? APOSTLE, and its approach to parallel discrete event simulation}},
 year = {1997}
}

%%%%%%%%%%%%%%%%%%%%%%%%%%%%%%%%%
%% Programming Languages
%%%%%%%%%%%%%%%%%%%%%%%%%%%%%%%%%



@book{lisp,
  author = {Guy L. Steele},
  title = {Common Lisp the Language},
  publisher = {Digital Press},
  year = {1984},
  address = {Billerica, MA}
}

@inproceedings{sml,
 author = {Gordon, M. and Milner, R. and Morris, L. and Newey, M. and Wadsworth, C.},
 title = {A Metalanguage for interactive proof in LCF},
 booktitle = {POPL '78: Proceedings of the 5th ACM SIGACT-SIGPLAN symposium on Principles of programming languages},
 year = {1978},
 pages = {119--130},
 location = {Tucson, Arizona},
 doi = {http://doi.acm.org/10.1145/512760.512773},
 publisher = {ACM},
 address = {New York, NY, USA},
}

@misc{haskell,
  author = "{Peyton Jones} [editor], Simon and Hughes [editor], John and Augustsson, Lennart and Barton, Dave and Boutel, Brian and Burton, Warren and Fraser, Simon and Fasel, Joseph and Hammond, Kevin and Hinze, Ralf and Hudak, Paul and Johnsson, Thomas and Jones, Mark and Launchbury, John and Meijer, Erik and Peterson, John and Reid, Alastair and Runciman, Colin and Wadler, Philip",
  editor = "{Peyton Jones}, Simon and Hughes, John",
  howpublished = "Available from \texttt{http://www.haskell.org/definition/}",
  month = "feb",
  title = "{Haskell}~98 --- {A} Non-strict, Purely Functional Language",
  year = "1999",
}


@book{arvind01implicit,
 title = {Implicit parallel programming in pH},
 author = {Rishiyur S. Nikhil and Arvind},
 year = {2001},
 isbn = {1-55860-644-0},
 publisher = {Morgan Kaufmann Publishers Inc.},
 address = {San Francisco, CA, USA},
}

@inproceedings{rompf10lms,
  author = {Rompf, T. and Odersky, M.},
  title = {Lightweight modular staging: a pragmatic approach to runtime code generation and compiled DSLs},
  series = {GPCE},
  year = {2010},
}

@inproceedings{DBLP:conf/aplas/CaretteKS07,
  author    = {Jacques Carette and
               Oleg Kiselyov and
               Chung-chieh Shan},
  title     = {Finally Tagless, Partially Evaluated},
  booktitle = {APLAS},
  year      = {2007},
  pages     = {222-238},
}

@inproceedings{DBLP:conf/osdi/DeanG04,
  author    = {Jeffrey Dean and
               Sanjay Ghemawat},
  title     = "{MapReduce: Simplified Data Processing on Large Clusters}",
  booktitle = {OSDI},
  year      = {2004},
  pages     = {137-150},
}

@inproceedings{DBLP:conf/pldi/WestbrookRIYAT10,
  author    = {Edwin Westbrook and
               Mathias Ricken and
               Jun Inoue and
               Yilong Yao and
               Tamer Abdelatif and
               Walid Taha},
  title     = {Mint: Java Multi-stage Programming Using Weak Separability},
  booktitle = {PLDI},
  year      = {2010},
  ee        = {http://www.cs.rice.edu/~mgricken/research/mint/download/pldi2010-mint.pdf},
  bibsource = {manual}
}

@inproceedings{DBLP:conf/gpce/CalcagnoTHL03,
  author    = {Cristiano Calcagno and
               Walid Taha and
               Liwen Huang and
               Xavier Leroy},
  title     = {Implementing Multi-stage Languages Using ASTs, Gensym, and
               Reflection},
  booktitle = {GPCE},
  year      = {2003},
  pages     = {57-76},
  ee        = {http://springerlink.metapress.com/openurl.asp?genre=article{\&}issn=0302-9743{\&}volume=2830{\&}spage=57},
  bibsource = {DBLP, http://dblp.uni-trier.de}
}

@article{DBLP:journals/tcs/TahaS00,
  author    = {Walid Taha and
               Tim Sheard},
  title     = {MetaML and multi-stage programming with explicit annotations},
  journal   = {Theor. Comput. Sci.},
  volume    = {248},
  number    = {1-2},
  year      = {2000},
  pages     = {211-242},
  ee        = {http://dx.doi.org/10.1016/S0304-3975(00)00053-0},
  bibsource = {DBLP, http://dblp.uni-trier.de}
}

@techreport{Walid:1999:MPT,
 author = {Walid Taha},
 title = {Multi-Stage Programming: Its Theory and Applications},
 year = {1999},
 publisher = {Oregon Graduate Institute School of Science \& Engineering},
 institution = {Oregon Graduate Institute School of Science \& Engineering},
}


%%%%%%%%%%%%%%%%%%%%%%%%%%%%%%%%%
%% GPUs
%%%%%%%%%%%%%%%%%%%%%%%%%%%%%%%%%


@inproceedings{mccool06performance,
 author = {McCool, Michael D. and Wadleigh, Kevin and Henderson, Brent and Lin, Hsin-Ying},
 title = {Performance evaluation of {GPU}s using the {RapidMind} development platform},
 booktitle = {SC '06: Proceedings of the 2006 ACM/IEEE conference on Supercomputing},
 year = {2006},
 isbn = {0-7695-2700-0},
 pages = {181},
 location = {Tampa, Florida},
 doi = {http://doi.acm.org/10.1145/1188455.1188642},
 publisher = {ACM},
 address = {New York, NY, USA},
 }

@inproceedings{tarditi06accelerator,
 author = {Tarditi, David and Puri, Sidd and Oglesby, Jose},
 title = {Accelerator: using data parallelism to program {GPU}s for general-purpose uses},
 booktitle = {ASPLOS-XII: Proceedings of the 12th international conference on Architectural support for programming languages and operating systems},
 year = {2006},
 isbn = {1-59593-451-0},
 pages = {325--335},
 location = {San Jose, California, USA},
 doi = {http://doi.acm.org/10.1145/1168857.1168898},
 publisher = {ACM},
 address = {New York, NY, USA},
 }

@inproceedings{catanzaro11copperhead,
 author = {Catanzaro, Bryan and Garland, Michael and Keutzer, Kurt},
 title = {Copperhead: compiling an embedded data parallel language},
 booktitle = {Proceedings of the 16th ACM symposium on Principles and practice of parallel programming},
 series = {PPoPP '11},
 year = {2011},
 isbn = {978-1-4503-0119-0},
 location = {San Antonio, TX, USA},
 pages = {47--56},
 numpages = {10},
 doi = {http://doi.acm.org/10.1145/1941553.1941562},
 acmid = {1941562},
 publisher = {ACM},
 address = {New York, NY, USA},
 keywords = {data parallelism, gpu, python},
} 

@inproceedings{mainland10nikola,
 author = {Mainland, Geoffrey and Morrisett, Greg},
 title = {Nikola: embedding compiled {GPU} functions in {Haskell}},
 booktitle = {Proceedings of the third ACM Haskell symposium on Haskell},
 series = {Haskell '10},
 year = {2010},
 isbn = {978-1-4503-0252-4},
 location = {Baltimore, Maryland, USA},
 pages = {67--78},
 numpages = {12},
 url = {http://doi.acm.org/10.1145/1863523.1863533},
 doi = {http://doi.acm.org/10.1145/1863523.1863533},
 acmid = {1863533},
 publisher = {ACM},
 address = {New York, NY, USA},
 keywords = {cuda, gpu, meta programming},
} 

@inproceedings{elliott04vertigo,
 author = {Elliott, Conal},
 title = {Programming graphics processors functionally},
 booktitle = {Proceedings of the 2004 ACM SIGPLAN workshop on Haskell},
 series = {Haskell '04},
 year = {2004},
 isbn = {1-58113-850-4},
 location = {Snowbird, Utah, USA},
 pages = {45--56},
 numpages = {12},
 url = {http://doi.acm.org/10.1145/1017472.1017482},
 doi = {http://doi.acm.org/10.1145/1017472.1017482},
 acmid = {1017482},
 publisher = {ACM},
 address = {New York, NY, USA},
 keywords = {3D modeling, code generation, compilers, computer algebra, computer graphics, domain-specific languages, functional geometry, functional programming, graphics languages, graphics processors, partial evaluation, procedural geometry, procedural shading, shading languages},
} 

@techreport{kloeckner09pycuda,
 author = {{Kl{\"o}ckner}, Andreas and {Pinto}, Nicolas and {Lee}, Yunsup and {Catanzaro}, B. and {Ivanov}, Paul and {Fasih}, Ahmed },
 title = "{PyCUDA and PyOpenCL: A Scripting-Based Approach to GPU Run-Time Code Generation}",
 url = {http://arxiv.org/abs/0911.3456},
 institution = "Scientific Computing Group, Brown University",
 number = "2009-40",
 address = "Providence, RI, USA",
 year = 2009,
 month = nov,
}

@inproceedings{chakravarty11accelerate,
 author = {Chakravarty, Manuel M.T. and Keller, Gabriele and Lee, Sean and McDonell, Trevor L. and Grover, Vinod},
 title = {Accelerating {Haskell} array codes with multicore {GPU}s},
 booktitle = {Proceedings of the sixth workshop on Declarative aspects of multicore programming},
 series = {DAMP '11},
 year = {2011},
 isbn = {978-1-4503-0486-3},
 location = {Austin, Texas, USA},
 pages = {3--14},
 numpages = {12},
 url = {http://doi.acm.org/10.1145/1926354.1926358},
 doi = {http://doi.acm.org/10.1145/1926354.1926358},
 acmid = {1926358},
 publisher = {ACM},
 address = {New York, NY, USA},
 keywords = {arrays, data parallelism, dynamic compilation, gpgpu, haskell, skeletons},
}

@misc{scalacl,
  title = {{ScalaCL}},
  howpublished = {\url{http://code.google.com/p/scalacl/}}
}

%%%%%%%%%%%%%%%%%%%%%%%%%%%%%%%%%
%% Stream programming
%%%%%%%%%%%%%%%%%%%%%%%%%%%%%%%%%

@article{gordon06exploiting,
 author = {Gordon, Michael I. and Thies, William and Amarasinghe, Saman},
 title = {Exploiting coarse-grained task, data, and pipeline parallelism in stream programs},
 journal = {SIGARCH Comput. Archit. News},
 volume = {34},
 number = {5},
 year = {2006},
 issn = {0163-5964},
 pages = {151--162},
 doi = {http://doi.acm.org/10.1145/1168919.1168877},
 publisher = {ACM},
 address = {New York, NY, USA},
 }


%%%%%%%%%%%%%%%%%%%%%%%%%%%%%%%%%
%% Data Structures
%%%%%%%%%%%%%%%%%%%%%%%%%%%%%%%%%

@inproceedings{adelson62avl,
 author = {Adel'son-Vel'ski\v{\i}, G. and E. M. Landis},
 year = {1962},
 title = {An Algorithm for the Organization of Information},
 booktitle = {Proceedings of the USSR Academy of Sciences},
 volume = {145},
 pages = {263-266},
 note = {In Russian, English translation by Myron J. Ricci in {Soviet Doklady}, 3:1259–-1263, 1962.}

}

@thesis{ballard06conflict,
 author = "Lucia Ballard",
 title = "Conflict Avoidance: Data Structures in Transactional Memory",
 howpublished = "Brown University Undergraduate Thesis",
 year = "2006"
}

@article{bloom70filters,
  author = 	 {B. Bloom},
  title = 	 {Space/Time Trade-Offs in Hash Coding with Allowable Errors},
  journal = 	 {Communications of ACM},
  year = 	 1970
}

@techreport{bouge98heightrelaxed,
    author = {Luc Boug\'e and Joaquim Gabarr\'o and Xavier Messeguer and Nicolas Schabanel},
    title = {Height-Relaxed {AVL} Rebalancing: A Unified, Fine-Grained Approach to Concurrent Dictionaries},
    year = {1998},
    month = {March},
    number = {RR1998-18},
    type = {ResearchReport},
    institution = {LIP, ENS Lyon}
}

@inproceedings{ellen07snzi,
 author = {Ellen, Faith and Lev, Yossi and Luchangco, Victor and Moir, Mark},
 title = {{SNZI}: Scalable NonZero Indicators},
 booktitle = {PODC '07: Proceedings of the Twenty-Sixth Annual ACM Symposium on Principles of Distributed Computing},
 year = {2007},
 isbn = {978-1-59593-616-5},
 pages = {13--22},
 location = {Portland, Oregon, USA},
 doi = {http://doi.acm.org/10.1145/1281100.1281106},
 publisher = {ACM},
 address = {New York, NY, USA},
}

@phdthesis{fraser04thesis,
 author = {Fraser, Keir},
 title = {Practical Lock Freedom},
 school = {University of Cambridge},
 year = {2003}
}

@inproceedings{guibas78dichromatic,
 title={A Dichromatic Framework for Balanced Trees},
 author={Guibas, Leo J. and Sedgewick, Robert},
 booktitle={19th Annual Symposium on Foundations of Computer Science},
 year={1978},
 month={Oct.},
 volume={},
 number={},
 pages={8-21},
 doi={10.1109/SFCS.1978.3},
 ISSN={0272-5428}, 
}

@inproceedings{herlihy06skiplist, 
  author = "M. Herlihy and Y. Lev and V. Luchangco and N. Shavit",
  title = "A Provably Correct Scalable Concurrent Skip List",
  booktitle = "OPODIS '06: Proceedings of the 10th International Conference On Principles Of Distributed Systems",
  site = "Bordeaux, France",
  month = {December},
  year = 2006
} 

@inproceedings{larsen94avl,
 author = {Larsen, Kim S.},
 title = {{AVL} Trees with Relaxed Balance},
 booktitle = {IPPT '94: Proceedings of the 8th International Symposium on Parallel Processing},
 year = {1994},
 isbn = {0-8186-5602-6},
 pages = {888--893},
 publisher = {IEEE Computer Society},
 address = {Washington, DC, USA},
}

@techreport{larsen97relaxed,
 author = {Larsen, Kim S. and Soisalon-Soininen, Eljas and Widmayer, Peter},
 title = {Relaxed Balance through Standard Rotations},
 year = {1997},
 source = {http://www.ncstrl.org:8900/ncstrl/servlet/search?formname=detail\&id=oai%3Ancstrlh%3Aoudk_imada%3Ancstrl.oudk_imada%2F%2FPP-1997-15},
 publisher = {University of Southern Denmark},
 }

@article{larsen00relaxed,
 author = {Larsen, Kim S.},
 title = {{AVL} Trees with Relaxed Balance},
 journal = {J. Comput. Syst. Sci.},
 volume = {61},
 number = {3},
 year = {2000},
 issn = {0022-0000},
 pages = {508--522},
 doi = {http://dx.doi.org/10.1006/jcss.2000.1705},
 publisher = {Academic Press, Inc.},
 address = {Orlando, FL, USA},
}

@inproceedings{nurmi87concurrency,
 author = {Nurmi, O. and Soisalon-Soininen, E. and Wood, D.},
 title = {Concurrency Control in Database Structures with Relaxed Balance},
 booktitle = {PODS '87: Proceedings of the Sixth ACM SIGACT-SIGMOD-SIGART Symposium on Principles of Database Systems},
 year = {1987},
 isbn = {0-89791-223-3},
 pages = {170--176},
 location = {San Diego, California, United States},
 doi = {http://doi.acm.org/10.1145/28659.28677},
 publisher = {ACM},
 address = {New York, NY, USA},
}

@article{pugh90skiplists,
  author = {William Pugh},
  title = {Skip Lists: A Probabilistic Alternative to Balanced Trees},
  journal = {ACM Transactions on Database Systems},
  volume = {33},
  number = {6},
  year = {1990},
  pages = {668-676}
}

@techreport{ pugh89concurrent,
  author = "William Pugh",
  title = "Concurrent Maintenance of Skip Lists",
  number = "CS-TR-2222.1",
  year = "1989",
  publisher = {Institute for Advanced Computer Studies, Department of Computer Science, University of Maryland}
}

@article{bayer72rb,
  author    = {Rudolf Bayer},
  title     = {Symmetric Binary {B--Trees}: Data Structure and Maintenance Algorithms},
  journal   = {Acta Inf.},
  volume    = {1},
  year      = {1972},
  pages     = {290-306},
  bibsource = {DBLP, http://dblp.uni-trier.de}
}

@article{pfaff04perf,
  author = {Ben Pfaff},
  title = {Performance Analysis of {BSTs} in System Software},
  journal = {SIGMETRICS Performance Evaluation Review},
  volume = {32},
  number = {1},
  year = {2004},
  issn = {0163-5999},
  pages = {410--411},
  doi = {http://doi.acm.org/10.1145/1012888.1005742},
  publisher = {ACM},
  address = {New York, NY, USA},
}

@article{sundell05pqueue,
  author = {Sundell, H{\aa}kan and Tsigas, Philippas},
  title = {Fast and Lock-free Concurrent Priority Queues for Multi-thread Systems},
  journal = {Journal of Parallel Distributed Computing},
  volume = {65},
  number = {5},
  year = {2005},
  issn = {0743-7315},
  pages = {609--627},
  doi = {http://dx.doi.org/10.1016/j.jpdc.2004.12.005},
  publisher = {Academic Press, Inc.},
  address = {Orlando, FL, USA},
}

@inproceedings{bronson10snap,
  author = {Nathan G. Bronson and Jared Casper and Hassan Chafi and Kunle Olukotun},
  title = {A Practical Concurrent Binary Search Tree},
  booktitle = {PPoPP '10: Proceedings of the 15th ACM SIGPLAN Symposium on Principles and Practice of Parallel Programming},
  month = {January},
  year = {2010},
  isbn = {978-1-60558-877-3},
  pages = {257--268},
  location = {Bangalore, India},
  doi = {http://doi.acm.org/10.1145/1693453.1693488},
  publisher = {ACM},
  address = {New York, NY, USA},
}

%%%%%%%%%%%%%%%%%%%%%%%%%%%%%%%%%
%% Concurrency Control
%%%%%%%%%%%%%%%%%%%%%%%%%%%%%%%%%

@inproceedings{crummey91scalable,
 author = {Mellor-Crummey, John M. and Scott, Michael L.},
 title = {Scalable Reader-Writer Synchronization for Shared-Memory Multiprocessors},
 booktitle = {PPOPP '91: Proceedings of the Third ACM SIGPLAN Symposium on Principles and Practice of Parallel Programming},
 year = {1991},
 isbn = {0-89791-390-6},
 pages = {106--113},
 location = {Williamsburg, Virginia, United States},
 doi = {http://doi.acm.org/10.1145/109625.109637},
 publisher = {ACM},
 address = {New York, NY, USA},
 }

@article{herlihy90lineariz,
 author = {Herlihy, Maurice P. and Wing, Jeannette M.},
 title = {Linearizability: A Correctness Condition for Concurrent Objects},
 journal = {ACM Transactions on Programming Languages and Systems},
 volume = {12},
 number = {3},
 year = {1990},
 issn = {0164-0925},
 pages = {463--492},
 doi = {http://doi.acm.org/10.1145/78969.78972},
 publisher = {ACM},
 address = {New York, NY, USA},
}

@article{lamport78clocks,
 author = {Lamport, Leslie},
 title = {Time, clocks, and the ordering of events in a distributed system},
 journal = {Commun. ACM},
 volume = {21},
 number = {7},
 year = {1978},
 issn = {0001-0782},
 pages = {558--565},
 doi = {http://doi.acm.org/10.1145/359545.359563},
 }

@article{michael04hazard,
 author = {Michael, Maged M.},
 title = {Hazard {P}ointers: Safe Memory Reclamation for Lock-Free Objects},
 journal = {IEEE Transactions on Parallel Distributed Systems},
 volume = {15},
 number = {6},
 year = {2004},
 issn = {1045-9219},
 pages = {491--504},
 doi = {http://dx.doi.org/10.1109/TPDS.2004.8},
 publisher = {IEEE Press},
 address = {Piscataway, NJ, USA},
 }

%%%%%%%%%%%%%%%%%%%%%%%%%%%%%%%%%
%% Database and transactions
%%%%%%%%%%%%%%%%%%%%%%%%%%%%%%%%%

@inproceedings{bayer94concurrency,
 author = {Bayer, R. and Schkolnick, M.},
 title = {Concurrency of Operations on {B--Trees}},
 booktitle = {Readings in Database Systems (2nd ed.)},
 year = {1994},
 isbn = {1-55860-252-6},
 pages = {216--226},
 publisher = {Morgan Kaufmann Publishers Inc.},
 address = {San Francisco, CA, USA},
}

@inproceedings{meijer06linq,
 author = {Meijer, Erik and Beckman, Brian and Bierman, Gavin},
 title = {{LINQ}: Reconciling Object, Relations and {XML} in the {.NET} framework},
 booktitle = {SIGMOD '06: Proceedings of the 2006 ACM SIGMOD International Conference on Management of Data},
 year = {2006},
 isbn = {1-59593-434-0},
 pages = {706--706},
 location = {Chicago, IL, USA},
 doi = {http://doi.acm.org/10.1145/1142473.1142552},
 publisher = {ACM},
 address = {New York, NY, USA},
 }

%%%%%%%%%%%%%%%%%%%%%%%%%%%%%%%%%
%% Heterogeneous Programming Models
%%%%%%%%%%%%%%%%%%%%%%%%%%%%%%%%%

@misc{cuda,
  author = {NVIDIA},
  title = {{CUDA}},
  howpublished = {\url{http://developer.nvidia.com/object/cuda.html}}
}

@misc{jacket,
  author = {AccelerEyes},
  title = {Jacket},  
  year = {2010},
  howpublished = {\url{http://www.accelereyes.com}}
}

@misc{matlab,
  author = {MathWorks},
  title = {MATLAB},
  howpublished = {\url{http://www.mathworks.com/products/matlab/}}
}

@misc{bigg,
  author = {G. Bradski and M. Muja},
  title = {{BiGG Detector}},
  howpublished = {\url{http://www.ros.org/wiki/bigg_detector}},
  year = {2010},
}

@misc{cliffinlining,
  author = {Cliff Click},
  title = {Fixing the Inlining Problem},
  howpublished = {\url{http://www.azulsystems.com/blog/cliff/2011-04-04-fixing-the-inlining-problem}},
  year = {2011},
}
  
@inproceedings{diamos08harmony,
 author = {Diamos, Gregory F. and Yalamanchili, Sudhakar},
 title = {Harmony: an execution model and runtime for heterogeneous many core systems},
 booktitle = {HPDC '08: Proceedings of the 17th international symposium on High performance distributed computing},
 year = {2008},
 isbn = {978-1-59593-997-5},
 pages = {197--200},
 location = {Boston, MA, USA},
 doi = {http://doi.acm.org/10.1145/1383422.1383447},
 publisher = {ACM},
 address = {New York, NY, USA},
 }



%% booktitle = {ASPLOS '08: Proceedings of the 13th international conference on Architectural support for programming languages and operating systems},

@inproceedings{linderman08merge,
 author = {Linderman, Michael D. and Collins, Jamison D. and Wang, Hong and Meng, Teresa H.},
 title = {Merge: a programming model for heterogeneous multi-core systems},
 booktitle = {ASPLOS '08},
 year = {2008},
 isbn = {978-1-59593-958-6},
 location = {Seattle, WA, USA},
 doi = {http://doi.acm.org/10.1145/1346281.1346318},
 publisher = {ACM},
 address = {New York, NY, USA},
}

@inproceedings{wang07exochi,
 author = {Wang, Perry H. and Collins, Jamison D. and Chinya, Gautham N. and Jiang, Hong and Tian, Xinmin and Girkar, Milind and Yang, Nick Y. and Lueh, Guei-Yuan and Wang, Hong},
 title = {EXOCHI: architecture and programming environment for a heterogeneous multi-core multithreaded system},
 booktitle = {PLDI '07: Proceedings of the 2007 ACM SIGPLAN conference on Programming language design and implementation},
 year = {2007},
 isbn = {978-1-59593-633-2},
 pages = {156--166},
 location = {San Diego, California, USA},
 doi = {http://doi.acm.org/10.1145/1250734.1250753},
 publisher = {ACM},
 address = {New York, NY, USA},
}

@MISC{opencl,
  author = {{The Khronos Group}},
  title = {{OpenCL 1.0}},
  howpublished= {\url{http://www.khronos.org/opencl/}}
}


%%%%%%%%%%%%%%%%%%%%%%%%%%%%%%%%%%%%
%% Explicitly Parallel Languages  %%
%%%%%%%%%%%%%%%%%%%%%%%%%%%%%%%%%%%%





@article{chapel,
 author = {Chamberlain, B.L. and Callahan, D. and Zima, H.P.},
 title = "{Parallel Programmability and the Chapel Language}",
 journal = {Int. J. High Perform. Comput. Appl.},
 volume = {21},
 number = {3},
 year = {2007},
 issn = {1094-3420},
 pages = {291--312},
 doi = {http://dx.doi.org/10.1177/1094342007078442},
 publisher = {Sage Publications, Inc.},
 address = {Thousand Oaks, CA, USA},
 }

@inproceedings{cilk,
 author = {Blumofe, Robert D. and Joerg, Christopher F. and Kuszmaul, Bradley C. and Leiserson, Charles E. and Randall, Keith H. and Zhou, Yuli},
 title = {Cilk: an efficient multithreaded runtime system},
 booktitle = {PPOPP '95: Proceedings of the fifth ACM SIGPLAN symposium on Principles and practice of parallel programming},
 year = {1995},
 isbn = {0-89791-701-6},
 pages = {207--216},
 location = {Santa Barbara, California, United States},
 doi = {http://doi.acm.org/10.1145/209936.209958},
 publisher = {ACM},
 address = {New York, NY, USA},
 }

@article{parallel-haskell,
 author = {Trinder, P. W. and Loidl, H.-W. and Pointon, R. F.},
 title = {Parallel and Distributed {Haskell}s},
 journal = {J. Funct. Program.},
 volume = {12},
 number = {5},
 year = {2002},
 issn = {0956-7968},
 pages = {469--510},
 doi = {http://dx.doi.org/10.1017/S0956796802004343},
 publisher = {Cambridge University Press},
 address = {New York, NY, USA},
 }

@ARTICLE{brook,
    author = {Ian Buck and Tim Foley and Daniel Horn and Jeremy Sugerman and Kayvon Fatahalian and Mike Houston and Pat Hanrahan},
    title = {Brook for {GPUs}: Stream Computing on Graphics Hardware},
    journal = {ACM TRANSACTIONS ON GRAPHICS},
    year = {2004},
    volume = {23},
    pages = {777--786}
}

@misc{hpf,
  title = {{High Performance Fortran}},
  howpublished = {\url{http://hpff.rice.edu/index.htm}}
}

@misc{intelArBB,
  key = {Intel Array Building Blocks},
  title = {Intel Array Building Blocks},
  howpublished = {\url{http://software.intel.com/en-us/articles/intel-array-building-blocks}}
}

@misc{scala,
  author = {M. Odersky},
  title = {Scala},
  howpublished = {\url{http://www.scala-lang.org}},
  year = {2011}
}

@article{nesl,
 author = {Blelloch, Guy E.},
 title = {Programming parallel algorithms},
 journal = {Commun. ACM},
 volume = {39},
 number = {3},
 year = {1996},
 issn = {0001-0782},
 pages = {85--97},
 doi = {http://doi.acm.org/10.1145/227234.227246},
 publisher = {ACM},
 address = {New York, NY, USA},
 }

@misc{ct,
  author = {Intel},
  title = {Ct}, 
  howpublished = {http://software.intel.com/en-us/data-parallel/}
}

@article{x10,
 author = {Charles, Philippe and Grothoff, Christian and Saraswat, Vijay and Donawa, Christopher and Kielstra, Allan and Ebcioglu, Kemal and von Praun, Christoph and Sarkar, Vivek},
 title = {X10: an object-oriented approach to non-uniform cluster computing},
 journal = {SIGPLAN Not.},
 volume = {40},
 number = {10},
 year = {2005},
 issn = {0362-1340},
 pages = {519--538},
 doi = {http://doi.acm.org/10.1145/1103845.1094852},
 publisher = {ACM},
 address = {New York, NY, USA},
 }

@inproceedings{DBLP:conf/IEEEpact/Steele05,
  author    = {Guy L. Steele Jr.},
  title     = {Parallel Programming and Parallel Abstractions in Fortress},
  booktitle = {IEEE PACT},
  year      = {2005},
  pages     = {157},
}

@inproceedings{DBLP:conf/fsttcs/JonesLKC08,
  author    = {Simon L. Peyton Jones and
               Roman Leshchinskiy and
               Gabriele Keller and
               Manuel M. T. Chakravarty},
  title     = {{Harnessing the Multicores: Nested Data Parallelism in Haskell}},
  booktitle = {FSTTCS},
  year      = {2008},
  pages     = {383-414},
  ee        = {http://dx.doi.org/10.4230/LIPIcs.FSTTCS.2008.1769},
  bibsource = {DBLP, http://dblp.uni-trier.de}
}

@inproceedings{chambers10flumejava,
 author = {Chambers, Craig and Raniwala, Ashish and Perry, Frances and Adams, Stephen and Henry, Robert R. and Bradshaw, Robert and Weizenbaum, Nathan},
 title = {FlumeJava: easy, efficient data-parallel pipelines},
 booktitle = {Proceedings of the 2010 ACM SIGPLAN conference on Programming language design and implementation},
 series = {PLDI '10},
 year = {2010},
 isbn = {978-1-4503-0019-3},
 location = {Toronto, Ontario, Canada},
 pages = {363--375},
 numpages = {13},
 doi = {http://doi.acm.org/10.1145/1806596.1806638},
 acmid = {1806638},
 publisher = {ACM},
 address = {New York, NY, USA},
 keywords = {data-parallel programming, java, mapreduce},
} 

@book{Chandra:2001:PPO:355074,
 author = {Chandra, Robit and Dagum, Leonardo and Kohr, Dave and Maydan, Dror and McDonald, Jeff and Menon, Ramesh},
 title = {Parallel programming in OpenMP},
 year = {2001},
 isbn = {1-55860-671-8},
 publisher = {Morgan Kaufmann Publishers Inc.},
 address = {San Francisco, CA, USA},
}

@article{pacheco97mpi,
  author = {P. S. Pacheco},
  title = {Parallel programming with mpi},
  journal = {International Journal of Pattern Recognition and Artificial Intelligence},
  year = {1997},
  masid = {1358814}
}

@inproceedings{Narlikar98pthreadsfor,
  author = {Girija J. Narlikar and Guy E. Blelloch},
  title = {Pthreads for Dynamic and Irregular Parallelism},
  booktitle = {In Proc. of Supercomputing .98},
  year = {1998},
  pages = {4--1},
  publisher = {IEEE}
}

%%%%%%%%%%%%%%%%%%%%%%%%%%%%%%%%%
%% Parallel Languages          %%
%%%%%%%%%%%%%%%%%%%%%%%%%%%%%%%%%

@inproceedings{storagereuse,
 author = {Li, Zhonghua and Kirkham, Chris C.},
 title = {Efficient Storage Reuse of Aggregates in Single Assignment Languages},
 booktitle = {CC '96: Proceedings of the 6th International Conference on Compiler Construction},
 year = {1996},
 isbn = {3-540-61053-7},
 pages = {238--252},
 publisher = {Springer-Verlag},
 address = {London, UK},
}

%%%%%%%%%%%%%%%%%%%%%%%%%%%%%%%%%
%% Task Scheduling             %%
%%%%%%%%%%%%%%%%%%%%%%%%%%%%%%%%%

@book{darte00scheduling,
  author = {A. Darte and Y. Robert and F. Vivien},
  title = {Scheduling and Automatic Parallelization},
  publisher = {Brinkh\"{a}user},
  year = {2000},
  location = {Boston, USA.}  
}

@book{el-rewini94task,
 author = {El-Rewini, Hesham and Lewis, Theodore G. and Ali, Hesham H.},
 title = {Task scheduling in parallel and distributed systems},
 year = {1994},
 isbn = {0-13-099235-6},
 publisher = {Prentice-Hall, Inc.},
 address = {Upper Saddle River, NJ, USA},
 }

@book{garey79computers,
  author = {M. R. Garey and D. S. Johnson},
  title = {Computers and Intractability: A guide to the theory of NP-Completeness},
  publisher = {Freeman},
  year = {1979}
}

@article{kwok99static,
 author = {Kwok, Yu-Kwong and Ahmad, Ishfaq},
 title = {Static scheduling algorithms for allocating directed task graphs to multiprocessors},
 journal = {ACM Comput. Surv.},
 volume = {31},
 number = {4},
 year = {1999},
 issn = {0360-0300},
 pages = {406--471},
 doi = {http://doi.acm.org/10.1145/344588.344618},
 publisher = {ACM},
 address = {New York, NY, USA},
}

@article{sinnen06towards, 
title={Toward a realistic task scheduling model}, 
author={Sinnen, O. and Sousa, L.A. and Sandnes, F.E.}, 
journal={Parallel and Distributed Systems, IEEE Transactions on}, 
year={2006}, 
month={March}, 
volume={17}, 
number={3}, 
pages={ 263-275}, 
keywords={ directed graphs, genetic algorithms, parallel programming, processor scheduling NP-hard problem, directed acyclic graph, genetic algorithms, parallel programming, real parallel systems, scheduling algorithms, task scheduling model}, 
doi={10.1109/TPDS.2006.40}, 
ISSN={1045-9219}, }

@book{sinnen07task,
  author = {Oliver Sinnen},
  title = {Task Scheduling For Parallel Systems},
  publisher = {Wiley {Inter-Science}},
  year = {2007},
  series = {Parallel and Distributed Computing}
}





%%%%%%%%%%%%%%%%%%%%%%%%%%%%%%%%%
%% Data Parallel             %%
%%%%%%%%%%%%%%%%%%%%%%%%%%%%%%%%%

@inproceedings{isard09distributed,
 author = {Isard, Michael and Yu, Yuan},
 title = {Distributed data-parallel computing using a high-level programming language},
 booktitle = {SIGMOD '09: Proceedings of the 35th SIGMOD international conference on Management of data},
 year = {2009},
 isbn = {978-1-60558-551-2},
 pages = {987--994},
 location = {Providence, Rhode Island, USA},
 doi = {http://doi.acm.org/10.1145/1559845.1559962},
 publisher = {ACM},
 address = {New York, NY, USA},
 }

@inproceedings{isard07dryad,
 author = {Isard, Michael and Budiu, Mihai and Yu, Yuan and Birrell, Andrew and Fetterly, Dennis},
 title = {Dryad: distributed data-parallel programs from sequential building blocks},
 booktitle = {EuroSys '07: Proceedings of the 2nd ACM SIGOPS/EuroSys European Conference on Computer Systems 2007},
 year = {2007},
 isbn = {978-1-59593-636-3},
 pages = {59--72},
 location = {Lisbon, Portugal},
 doi = {http://doi.acm.org/10.1145/1272996.1273005},
 publisher = {ACM},
 address = {New York, NY, USA},
 }


%%%%%%%%%%%%%%%%%%%%%%%%%%%%%%%%%
%% Transactional Memory papers %%
%%%%%%%%%%%%%%%%%%%%%%%%%%%%%%%%%

@inproceedings{adl06compiler,
 author = {Ali-Reza Adl-Tabatabai and Brian Lewis and Vijay Menon and Brian R. Murphy and Bratin Saha and
Tatiana Shpeisman},
 title = {Compiler and Runtime Support for Efficient Software Transactional Memory},
 booktitle = {PLDI '06: Proceedings of the 2006 ACM SIGPLAN Conference on Programming Language Design and Implementation},
 location = {Ottawa, Ontario, Canada},
 year = 2006,
 publisher = {ACM Press},
 address = {New York, NY, USA},
}

@inproceedings{ansari09contention,
 author = {Mohammad Ansari and Christos Kotselidis and Mikel Lujan and Chris Kirkham and Ian Watson},
 title = {On the Performance of Contention Managers for Complex Transactional Memory Benchmarks},
 booktitle = {ISPDC '09: Proceedings of the 8th International Symposium on Parallel and Distributed Computing},
 pages = {83--90},
 location = {Lisbon, Portugal},
 year = {2009}
}

@inproceedings{baek07opentm,
 author = {Woongki Baek and Cao Minh, Chi and Martin Trautmann and Christos Kozyrakis and Kunle Olukotun},
 title = {The {OpenTM} Transactional Application Programming Interface},
 booktitle = {PACT '07: Proceedings of the 16th International Conference on Parallel Architecture and Compilation Techniques},
 year = {2007},
 isbn = {0-7695-2944-5},
 pages = {376--387},
 doi = {http://dx.doi.org/10.1109/PACT.2007.74},
 publisher = {IEEE Computer Society},
 address = {Washington, DC, USA},
 }

@inproceedings{bobba07pathologies,
 author = {Bobba, Jayaram and Moore, Kevin E. and Volos, Haris and Yen, Luke and Hill, Mark D. and Swift, Michael M. and Wood, David A.},
 title = {Performance Pathologies in Hardware Transactional Memory},
 booktitle = {ISCA '07: Proceedings of the 34th Annual International Symposium on Computer Architecture},
 year = {2007},
 isbn = {978-1-59593-706-3},
 pages = {81--91},
 location = {San Diego, California, USA},
 doi = {http://doi.acm.org/10.1145/1250662.1250674},
 publisher = {ACM},
 address = {New York, NY, USA},
 pdf = {http://www.cs.wisc.edu/multifacet/papers/isca07_pathologies.pdf}
 }

@inproceedings{bobba08tokentm,
 title={TokenTM: Efficient Execution of Large Transactions with Hardware Transactional Memory},
 author={Bobba, J. and Goyal, N. and Hill, M.D. and Swift, M.M. and Wood, D.A.},
 booktitle={Computer Architecture, 2008. ISCA '08. 35th International Symposium on},
 year={2008},
 month={June},
 volume={},
 number={},
 pages={127-138},
 keywords={paged storage, parallel programming, shared memory systems, transaction processingI/O operations, System-V-style shared memory, TokenTM unbounded HTM, concurrent large transaction execution, context switching, fast token release, hardware transactional memory systems, metastate fission, metastate fusion, page handling, parallel programming},
 doi={10.1109/ISCA.2008.24},
 ISSN={1063-6897}, 
}


@inproceedings{blundell07onetm,
  author = {Colin Blundell and Joe Devietti and E. Christopher Lewis and Milo M. K. Martin},
  title = {Making the fast case common and the uncommon case simple in unbounded transactional memory},
  booktitle = {ISCA '07: Proceedings of the 34th annual international symposium on Computer architecture},
  year = {2007},
  isbn = {978-1-59593-706-3},
  pages = {24--34},
  location = {San Diego, California, USA},
  doi = {http://doi.acm.org/10.1145/1250662.1250667},
  publisher = {ACM},
  address = {New York, NY, USA},
}

@inproceedings{bratin06hastm,
 author = {Bratin Saha and {Ali-Reza} {Adl-Tabatabai} and Quinn Jacobson},
 title = {Architectural Support for Software Transactional Memory},
 booktitle = {MICRO '06: Proceedings of the International Symposium on Microarchitecture},
 year = 2006
}

@inproceedings{caominh07sigtm,
	author	= {Cao Minh, Chi and Trautmann, Martin and Chung, JaeWoong and McDonald, Austen and Bronson, Nathan and Casper, Jared and Kozyrakis, Christos and Olukotun, Kunle},
	title		= {An Effective Hybrid Transactional Memory System with Strong Isolation Guarantees},
	booktitle	= {Proceedings of the 34th Annual International Symposium on Computer Architecture},
	month		= {June},
	year		= {2007}
}

@inproceedings{caominh08stamp,
    title     = {{STAMP}: Stanford Transactional Applications for Multi-Processing},
    author    = {Cao Minh, Chi and Chung, JaeWoong and Kozyrakis, Christos and Olukotun, Kunle},
    booktitle = {IISWC '08: Proceedings of The IEEE International Symposium on Workload Characterization},
    year      = {2008},
    month     = {September}
}
@MISC{stamp,
 key          = {STAMP},
 title        = {{STAMP}: Stanford Transactional Applications for Multi-Processing},
 howpublished = "\url{http://stamp.stanford.edu}"
}

@article{cascaval08toy,
 author = {Cascaval, Calin and Blundell, Colin and Michael, Maged and Cain, Harold W. and Wu, Peng and Chiras, Stefanie and Chatterjee, Siddhartha},
 title = {Software Transactional Memory: Why Is It Only a Research Toy?},
 journal = {Queue},
 volume = {6},
 number = {5},
 year = {2008},
 issn = {1542-7730},
 pages = {46--58},
 doi = {http://doi.acm.org/10.1145/1454456.1454466},
 publisher = {ACM},
 address = {New York, NY, USA},
 }

@inproceedings{ceze07bulksc,
 author = {Luis Ceze and James Tuck and Pablo Montesinos and Josep Torrellas},
 title = {Bulk{SC}: bulk enforcement of sequential consistency},
 booktitle = {ISCA '07: Proceedings of the 34th annual international symposium on Computer architecture},
 year = {2007},
 isbn = {978-1-59593-706-3},
 pages = {278--289},
 location = {San Diego, California, USA},
 doi = {http://doi.acm.org/10.1145/1250662.1250697},
 /publisher = {ACM Press},
 /address = {New York, NY, USA},
}

@inproceedings{chafi07scalable,
 author = {Hassan Chafi and Jared Casper and Brian D. Carlstrom and Austen McDonald and Cao Minh, Chi and Woongki Baek and Christos Kozyrakis and Kunle Olukotun},
 title = {A Scalable, Non-blocking Approach to Transactional Memory},
 booktitle = {HPCA '07: Proceedings of the 2007 IEEE 13th International Symposium on High Performance Computer Architecture},
 year = {2007},
 isbn = {1-4244-0804-0},
 pages = {97--108},
 doi = {http://dx.doi.org/10.1109/HPCA.2007.346189},
 publisher = {IEEE Computer Society},
 address = {Washington, DC, USA},
 }

@inproceedings{dice06tl2,
 author    = {Dave Dice and Ori Shalev and Nir Shavit},
 title     = {Transactional Locking {II}},
 booktitle = {DISC '06: Proceedings of the 20th International Symposium on Distributed Computing},
 year      = {2006},
 location  = {Stockholm, Sweden},
 month     = {March},
 pages     = {194--208},
 publisher = {Springer},
 isbn      = {3-540-44624-9},
}

@inproceedings{dice09rock,
  author	= {Dice, Dave and Lev, Yossi and Moir, Mark and Nussbaum, Daniel},
  title		= {Early experience with a commercial hardware transactional memory implementation},
  booktitle	= {ASPLOS~'09: Proceeding of the 14th international conference on Architectural support for programming languages and operating systems},
  year		= {2009},
  month		= {mar},
  pages		= {157--168},
  urlpage	= {http://doi.acm.org/10.1145/1508284.1508263},
  publisher	= {ACM},
}

@techreport{ennals06software,
    author = {Robert Ennals and Robert Ennals},
    title = {Software transactional memory should not be obstruction-free},
    institution = {},
    year = {2006}
}

@inproceedings{grossman06src-to-src,
 author = {Hindman, Benjamin and Grossman, Dan},
 title = {Atomicity via source-to-source translation},
 booktitle = {MSPC '06: Proceedings of the 2006 Workshop on Memory System Performance and Correctness},
 year = {2006},
 isbn = {1-59593-578-9},
 pages = {82--91},
 location = {San Jose, California},
 doi = {http://doi.acm.org/10.1145/1178597.1178611},
 publisher = {ACM},
 address = {New York, NY, USA},
 }

@inproceedings{hammond04transactional,
 author = "Lance Hammond and Vicky Wong and Mike Chen and Brian D. Carlstrom and John D. Davis and Ben Hertzberg and Manohar K. Prabhu and Honggo Wijaya and Christos Kozyrakis and Kunle Olukotun",
 title = "Transactional Memory Coherence and Consistency",
 booktitle = "Proceedings of the 31st International Symposium on Computer Architecture",
 month = "June",
 year = "2004",
 pages = "102--113",
}

@inproceedings{harris03language,
 author    = {Tim Harris and Keir Fraser},
 title     = {Language support for lightweight transactions},
 booktitle = {OOPSLA '03: Proceedings of the 18th annual ACM SIGPLAN conference on Object-oriented programing, systems, languages, and applications},
 year      = {2003},
 isbn      = {1-58113-712-5},
 pages     = {388--402},
 location  = {Anaheim, California, USA},
 doi       = {http://doi.acm.org/10.1145/949305.949340},
 publisher = {ACM Press},
}

@inproceedings{harris07abstract,
  author	= {Harris, Tim and Stipic, Srdjan},
  title		= {Abstract Nested Transactions},
  booktitle	= {TRANSACT~'07: 2nd Workshop on Transactional Computing},
  urlpage	= {http://hdl.handle.net/1802/4412},
  pdf		= {http://www.cs.rochester.edu/meetings/TRANSACT07/papers/harris.pdf},
  year		= {2007},
  month		= {August},
}

@inproceedings{herlihy93transactional,
 author = "Maurice Herlihy and J. Eliot B. Moss",
 title = "Transactional Memory: Architectural Support for Lock-Free Data Structures",
 booktitle = "Proceedings of the 20th International Symposium on Computer Architecture",
 year = "1993",
 pages = "289--300",
}

@inproceedings{herlihy03software,
 author = {Herlihy, Maurice and Luchangco, Victor and Moir, Mark and Scherer,III, William N.},
 title = {Software Transactional Memory for Dynamic-Sized Data Structures},
 booktitle = {PODC '03: Proceedings of the 22nd Annual Symposium on Principles of Distributed Computing},
 year = {2003},
 isbn = {1-58113-708-7},
 pages = {92--101},
 location = {Boston, Massachusetts},
 doi = {http://doi.acm.org/10.1145/872035.872048},
 publisher = {ACM},
 address = {New York, NY, USA},
 }

@inproceedings{hoffman09maximum,
  author	= {Hofmann, Owen S. and Rossbach, Christopher J. and Witchel, Emmett},
  title		= {Maximum benefit from a minimal {HTM}},
  booktitle	= {ASPLOS '09: Proceeding of the 14th international conference on Architectural support for programming languages and operating systems},
  year		= {2009},
  month		= {mar},
  pages		= {145--156},
  urlpage	= {http://doi.acm.org/10.1145/1508244.1508262},
  publisher	= {ACM},
}

@inproceedings{hughes09workloads,
  author	= {Hughes, C. and Poe, J. and Qouneh, A. and Li, Tao},
  title		= {On the (dis)similarity of transactional memory workloads},
  booktitle	= {Workload Characterization, 2009. IISWC 2009. IEEE International Symposium on},
  year		= {2009},
  month		= {Oct},
  pages		= {108-117},
  doi		= {10.1109/IISWC.2009.5306790},
  urlpage	= {http://dx.doi.org/10.1109/IISWC.2009.5306790},
}

@inproceedings{koskinen09concurrent,
  author	= {Koskinen, Eric and Herlihy, Maurice},
  title		= {Concurrent Non-commutative Boosted Transactions},
  booktitle	= {TRANSACT~'09: 4th Workshop on Transactional Computing},
  year		= {2009},
  month		= {feb},
}

@inproceedings{kulkarni07optimistic,
 author = {Kulkarni, Milind and Pingali, Keshav and Walter, Bruce and Ramanarayanan, Ganesh and Bala, Kavita and Chew, L. Paul},
 title = {Optimistic Parallelism Requires Abstractions},
 booktitle = {PLDI '07: Proceedings of the 2007 ACM SIGPLAN Conference on Programming Language Design and Implementation},
 year = {2007},
 isbn = {978-1-59593-633-2},
 pages = {211--222},
 location = {San Diego, California, USA},
 doi = {http://doi.acm.org/10.1145/1250734.1250759},
 publisher = {ACM},
 address = {New York, NY, USA},
 }

@Book{larus06tm,
  author    = {Jim Larus and Ravi Rajwar},
  title     = {Transactional Memory},
  publisher = {Morgan Claypool Synthesis Series},
  year      = 2006,
  doi       = {http://dx.doi.org/10.2200/S00070ED1V01Y200611CAC002},
}

@inproceedings{marathe05adaptive,
 author = {Marathe, Virendra J. and Scherer III, William N. and Scott, Michael L.},
 title = {{Adaptive Software Transactional Memory}},
 booktitle = {19th International Symposium on Distributed Computing },
 year = {2005},
 month = {September},
}

@inproceedings{mcdonalDod05characterization,
 author = {Austen McDonald and JaeWoong Chung and Hassan Chafi and Cao Minh, Chi and Brian D. Carlstrom and Lance Hammond and Christos Kozyrakis and Kunle Olukotun},
 title = {{Characterization of TCC on Chip-Multiprocessors}},
 booktitle = {PACT '05: Proceedings of the 14th International Conference on Parallel Architectures and Compilation Techniques},
 month = {September},
 year = {2005},
 isbn = {0-7695-2429-X},
 pages = {63--74},
 doi = {http://dx.doi.org/10.1109/PACT.2005.11},
 publisher = {IEEE Computer Society},
 address = {Washington, DC, USA},
}


@inproceedings{moir06hybrid,
 author    = {Peter Damron and Alexandra Fedorova and Yossi Lev and Victor Luchangco and Mark Moir and Dan Nussbaum},
 title     = {Hybrid Transactional Memory},
 booktitle = {ASPLOS-XII: Proceedings of the 12th international conference on Architectural support for programming languages and operating systems},
 month     = {October},
 year      = {2006}
}

@inproceedings{oguntebi10farm,
 author = {Tayo Oguntebi and Sungpack Hong and Jared Casper and Nathan Bronson and Christos Kozyrakis and Kunle Olukotun},
 title = {{FARM}: A Prototyping Environment for Tightly-Coupled, Heterogeneous Architectures},
 booktitle = {Proceeding of the 18th Annual Symposium on Field-Programmable Custom Computing Machines (FCCM '10)},
 year = {2010},
} 

@inproceedings{olszewski07judostm,
 author = {Marek Olszewski and Jeremy Cutler and J. Gregory Steffan},
 title = {Judo{STM}: A Dynamic Binary-Rewriting Approach to Software Transactional Memory},
 booktitle = {PACT '07: Proceedings of the 16th International Conference on Parallel Architecture and Compilation Techniques (PACT 2007)},
 year = {2007},
 isbn = {0-7695-2944-5},
 pages = {365--375},
 doi = {http://dx.doi.org/10.1109/PACT.2007.42},
 publisher = {IEEE Computer Society},
 address = {Washington, DC, USA},
 }

@article{ramadan07metatm,
  author = {Hany E. Ramadan and Christopher J. Rossbach and Donald E. Porter
    and Owen S. Hofmann and Aditya Bhandari and Emmett Witchel},
  title = {MetaTM/TxLinux: transactional memory for an operating system},
  journal = {SIGARCH Computer Architecture News},
  volume = {35},
  number = {2},
  year = {2007},
  issn = {0163-5964},
  pages = {92--103},
  doi = {http://doi.acm.org/10.1145/1273440.1250675},
  publisher = {ACM},
  address = {New York, NY, USA},
}

@inproceedings{ramadan08datm,
 author = {Ramadan, Hany E. and Rossbach, Christopher J. and Witchel, Emmett},
 title = {Dependence-aware transactional memory for increased concurrency},
 booktitle = {MICRO '08: Proceedings of the 2008 41st IEEE/ACM International Symposium on Microarchitecture},
 year = {2008},
 isbn = {978-1-4244-2836-6},
 pages = {246--257},
 doi = {http://dx.doi.org/10.1109/MICRO.2008.4771795},
 publisher = {IEEE Computer Society},
 address = {Washington, DC, USA},
 }

@inproceedings{shriraman06rtm,
 author    = {Arrvindh Shriraman and Virendra J. Marathe and Sandhya Dwarkadas and Michael L. Scott and David Eisenstat and Christopher Heriot and William N. Scherer III and and Michael F. Spear},
 title     = {Hardware Acceleration of Software Transactional Memory},
 booktitle = {TRANSACT: First ACM SIGPLAN Workshop on Languages, Compilers, and Hardware Support for Transactional Computing},
 year      = {2006},
 location  = {Ottawa, Ontario, Canada},
}

@inproceedings{saha05mcrt,
 author = {Bratin Saha and Ali-Reza Adl-Tabatabai and Richard L. Hudson and Cao Minh, Chi and Ben Hertzberg},
 title = {{McRT--STM}: A High Performance Software Transactional Memory System For A Multi-Core Runtime},
 booktitle = {PPoPP '06: Proceedings of the 11th ACM SIGPLAN Symposium on Principles and Practice of Parallel Programming},
 month     = {March},
 year = {2006},
 pages = {187--197},
 location = {Manhattan, New York City, NY, USA},
 publisher = {ACM Press},
 address = {New York, NY, USA},
}

@inproceedings{kumar06hybrid,
 author    = {Sanjeev Kumar and Michael Chu and Christopher J. Hughes and Partha Kundu and Anthony Nguyen},
 title     = {Hybrid Transactional Memory},
 booktitle = {PPoPP '06: Proceedings of the 11th ACM SIGPLAN Symposium on Principles and Practice of Parallel Programming},
 month     = {March},
 year      = {2006},
 location  = {Manhattan, New York City, NY, USA},
 publisher = {ACM Press},
 address   = {New York, NY, USA},
}

@inproceedings{lupon09fastm,
  author	= {Lupon, Marc and Magklis, Grigorios and Gonz\'{a}lez, Antonio},
  title		= {{FASTM}: A Log-based Hardware Transactional Memory with Fast Abort Recovery},
  booktitle	= {PACT~'09: Proc. 18th International Conference on Parallel Architecture and Compilation Techniques},
  year		= {2009},
  month		= {sep},
}

@inproceedings{shpeisman07enforcing,
 author    = {Tatiana Shpeisman and Vijay Menon and Ali-Reza Adl-Tabatabai and Steven Balensiefer and Dan Grossman and Richard L. Hudson and Kate Moore and Bratin Saha},
 title     = {Enforcing Isolation and Ordering in STM},
 booktitle = {PLDI '07: Proceedings of the 2007 ACM SIGPLAN Conference on Programming Language Design and Implementation},
 year      = {2007},
 location  = {San Diego, CA},
 month     = {June}
}

@inproceedings{tabba09nztm,
  author	= {Tabba, Fuad and Moir, Mark and Goodman, James R. and Hay, Andrew and Wang, Cong},
  title		= {{NZTM}: Nonblocking Zero-indirection Transactional Memory},
  booktitle	= {SPAA~'09: Proc. 21st Symposium on Parallelism in Algorithms and Architectures},
  pdf		= {http://research.sun.com/scalable/pubs/SPAA2009-NZTM.pdf},
  year		= {2009},
  month		= {aug},
}


@inproceedings{wang07codegen,
 author    = {Cheng Wang and Wei-Yu Chen and Youfeng Wu and Bratin Saha and Ali-Reza Adl-Tabatabai},
 title     = {Code Generation and Optimization for Transactional Memory Constructs in an Unmanaged Language},
 booktitle = {CGO '07: Proceedings of the International Symposium on Code Generation and Optimization},
 year      = {2007},
 location  = {San Jose, CA},
 month     = {March}
}

@inproceedings{yen07logtm-se,
 author = {Yen, Luke and Bobba, Jayaram and Marty, Michael R. and Moore, Kevin E. and Volos, Haris and Hill, Mark D. and Swift, Michael M. and Wood, David A.},
 title = {{LogTM-SE: Decoupling Hardware Transactional Memory from Caches}},
 booktitle = {Proceedings of the 13th International Symposium on High Performance Computer Architecture},
 year = {2007},
 month = February,
 location = {Phoenix, AZ}
}

@inproceedings{yen08notary,
 title={Notary: Hardware techniques to enhance signatures},
 author={Luke Yen and Draper, S.C. and Hill, M.D.},
 booktitle={Microarchitecture, 2008. MICRO-41. 2008 41st IEEE/ACM International Symposium on},
 year={2008},
 month={Nov.},
 volume={},
 number={},
 pages={234-245},
 keywords={cryptographychip-multiprocessors, hardware techniques, hash functions, memory allocation, page-block-XOR gates, parallel Bloom filters, privatization interface, signature enhancement},
 doi={10.1109/MICRO.2008.4771794},
 ISSN={1072-4451}, 
}

@misc{githubccstm,
  author = {Nathan Bronson},
  title = {{CCSTM}}, 
  howpublished = {http://github.com/nbronson/ccstm}
}

@inproceedings{felber09elastic,
  author      = {Felber, Pascal and Gramoli, Vincent and Guerraoui, Rachid},
  title       = {Elastic Transactions},
  booktitle   = {DISC '09: Proceedings of the 23rd International Symposium on Distributed Computing},
  year        = {2009},
  pages       = {93--107},
  publisher   = {Springer}
}

@inproceedings{herlihy08boosting,
  author = {Maurice Herlihy and Eric Koskinen},
  title = {Transactional {B}oosting: A Methodology for Highly-concurrent Transactional Objects},
  booktitle = {PPoPP '08: Proceedings of the 13th ACM SIGPLAN Symposium on Principles and Practice of Parallel Programming},
  year = {2008},
  isbn = {978-1-59593-795-7},
  pages = {207--216},
  location = {Salt Lake City, UT, USA},
  doi = {http://doi.acm.org/10.1145/1345206.1345237},
  publisher = {ACM},
  address = {New York, NY, USA},
}

@inproceedings{ni07open,
 author = {Yang Ni and Vijay S. Menon and Ali-Reza Adl-Tabatabai and Antony L. Hosking and Richard L. Hudson and J. Eliot B. Moss and Bratin Saha and Tatiana Shpeisman},
 title = {Open Nesting in Software Transactional Memory},
 booktitle = {PPoPP '07: Proceedings of the 12th ACM SIGPLAN Symposium on Principles and Practice of Parallel Programming},
 year = {2007},
 isbn = {978-1-59593-602-8},
 pages = {68--78},
 location = {San Jose, California, USA},
 doi = {http://doi.acm.org/10.1145/1229428.1229442},
 publisher = {ACM Press},
 address = {New York, NY, USA},
}

@InProceedings{carlstrom07collection,
 author = {Brian D. Carlstrom and Austen McDonald and Michael Carbin and Christos Kozyrakis and Kunle Olukotun},
 title = {Transactional Collection Classes},
 booktitle = {PPoPP '07: Proceedings of the 12th ACM SIGPLAN Symposium on Principles and Practice of Parallel Programming},
 year = {2007},
 isbn = {978-1-59593-602-8},
 pages = {56--67},
 location = {San Jose, California, USA},
 doi = {http://doi.acm.org/10.1145/1229428.1229441},
 publisher = {ACM},
 address = {New York, NY, USA},
}

@inproceedings{harris05ctm,
  author = {Harris, Tim and Marlow, Simon and Peyton-Jones, Simon and Herlihy, Maurice},
  title = {Composable Memory Transactions},
  booktitle = {PPoPP '05: Proceedings of the tenth ACM SIGPLAN Symposium on Principles and Practice of Parallel Programming},
  year = {2005},
  isbn = {1-59593-080-9},
  pages = {48--60},
  location = {Chicago, IL, USA},
  doi = {http://doi.acm.org/10.1145/1065944.1065952},
  publisher = {ACM},
  address = {New York, NY, USA},
}

@inproceedings{shavit95stm,
 author = {Shavit, Nir and Touitou, Dan},
 title = {Software Transactional Memory},
 booktitle = {PODC '95: Proceedings of the 14th Annual ACM Symposium on Principles of Distributed Computing},
 year = {1995},
 isbn = {0-89791-710-3},
 pages = {204--213},
 location = {Ottowa, Ontario, Canada},
 doi = {http://doi.acm.org/10.1145/224964.224987},
 publisher = {ACM},
 address = {New York, NY, USA},
}

@inproceedings{tabba:nztm:spaa:nonblocking:2009,
  author	= {Tabba, Fuad and Moir, Mark and Goodman, James R. and Hay, Andrew and Wang, Cong},
  title		= {{NZTM}: Nonblocking Zero-indirection Transactional Memory},
  booktitle	= {SPAA~'09: Proc. 21st Symposium on Parallelism in Algorithms and Architectures},
  pdf		= {http://research.sun.com/scalable/pubs/SPAA2009-NZTM.pdf},
  year		= {2009},
  month		= {aug},
}

@inproceedings{guerraoui05cm,
 author = {Guerraoui, Rachid and Herlihy, Maurice and Pochon, Bastian},
 title = {Toward a Theory of Transactional Contention Managers},
 booktitle = {PODC '05: Proceedings of the 24th Annual ACM Symposium on Principles of Distributed Computing},
 year = {2005},
 isbn = {1-59593-994-2},
 pages = {258--264},
 location = {Las Vegas, NV, USA},
 doi = {http://doi.acm.org/10.1145/1073814.1073863},
 publisher = {ACM},
 address = {New York, NY, USA},
}

@inproceedings{koskinen09brief,
 author = {Koskinen, Eric and Herlihy, Maurice},
 title = {Brief announcement: concurrent non-commutative boosted transactions},
 booktitle = {PODC '09: Proceedings of the 28th ACM Symposium on Principles of Distributed Computing},
 year = {2009},
 isbn = {978-1-60558-396-9},
 pages = {272--273},
 location = {Calgary, AB, Canada},
 doi = {http://doi.acm.org/10.1145/1582716.1582760},
 publisher = {ACM},
 address = {New York, NY, USA},
}

@inproceedings{kestor-rms,
  title =   {RMS-TM: A Transactional Memory Benchmark for Recognition, Mining
  and Synthesis Applications},
  author=   {Kestor, G. and Stipic, S. and Unsal, O. and Cristal, A. and Valero,
    M.},
  booktitle = {TRANSACT'09: 4th workshop on transactional computing},

}

@article{ansari2008lee,
  title={Lee-tm: A non-trivial benchmark suite for transactional memory},
  author={Ansari, M. and Kotselidis, C. and Watson, I. and Kirkham, C. and
    Luj{\'a}n, M. and Jarvis, K.},
  journal={Lecture Notes in Computer Science},
  volume={5022},
  pages={196--207},
  year={2008},
  publisher={Springer}
}


@inproceedings{schneider08dynamic,
  author = {Florian T. Schneider and Vijay Menon and Tatiana Shpeisman and Ali-Reza Adl-Tabatabai},
  title = {Dynamic Optimization for Efficient Strong Atomicity},
  booktitle = {OOPSLA '08: Proceedings of the 23rd ACM SIGPLAN conference on Object-Oriented Programming Systems, Languages, and Applications},
  year = {2008},
  month = {October},
  isbn = {978-1-60558-215-3},
  location = {Nashville, Tennessee, USA},
  publisher = {ACM},
  address = {New York, NY, USA},
}

@inproceedings{bronson09dbo,
  author = {Bronson, Nathan G. and Kozyrakis, Christos and Olukotun, Kunle},
  title = {Feedback-directed barrier optimization in a strongly isolated STM},
  booktitle = {POPL '09: Proceedings of the 36th Annual ACM SIGPLAN-SIGACT Symposium on Principles of Programming Languages},
  year = {2009},
  isbn = {978-1-60558-379-2},
  pages = {213--225},
  location = {Savannah, GA, USA},
  doi = {http://doi.acm.org/10.1145/1480881.1480909},
  publisher = {ACM},
  address = {New York, NY, USA},
}
@inproceedings{sgla08,
        author = {Vijay Menon and Steven Balensieger and Tatiana Shpeisman and Ali-Reza Adl-Tabatabai and Richard L. Hudson and Bratin Saha and Adam Welc},
        title = {{Practical Weak-Atomicity Semantics for Java STM}},
        booktitle = {SPAA '08: Proceedings of the 20th ACM Symposium on Parallel Algorithms and Architectures},
        year = {2008},
}

@InProceedings{HerlihyLMS03,
                author = {M. Herlihy and V. Luchangco and M. Moir and W.N. Scherer},
                title = {Software Transactional Memory for Dynamic-sized Data Structures},
                booktitle = {Twenty-Second Annual ACM SIGACT-SIGOPS Symposium on Principles of Distributed Computing},
                year =   2003,
                month =  july,
}


@inproceedings{moore08semantics,
 author = {Katherine F. Moore and Dan Grossman},
 title = {High-level small-step operational semantics for transactions},
 booktitle = {POPL '08: Proceedings of the 35th Annual ACM SIGPLAN-SIGACT symposium on Principles of Programming Languages},
 year = {2008},
 isbn = {978-1-59593-689-9},
 pages = {51--62},
 location = {San Francisco, California, USA},
 doi = {http://doi.acm.org/10.1145/1328438.1328448},
 publisher = {ACM},
 address = {New York, NY, USA},
 }

@INPROCEEDINGS{harris05composable,
 author = {Tim Harris and Simon Marlow and Simon Peyton-Jones and Maurice Herlihy},
 title = {Composable memory transactions},
 booktitle = {PPoPP '05: Proceedings of the 10th ACM SIGPLAN symposium on Principles and Practice of Parallel Programming},
 month     = {July},
 year = {2005},
 isbn = {1-59593-080-9},
 pages = {48--60},
 location = {Chicago, IL, USA},
 doi = {http://doi.acm.org/10.1145/1065944.1065952},
 publisher = {ACM Press},
 address = {New York, NY, USA},
}

@inproceedings{guerraoui08opacity,
 author = {Guerraoui, Rachid and Kapalka, Michal},
 title = {On the correctness of transactional memory},
 booktitle = {PPoPP '08: Proceedings of the 13th ACM SIGPLAN Symposium on Principles and Practice of Parallel Programming},
 year = {2008},
 isbn = {978-1-59593-795-7},
 pages = {175--184},
 location = {Salt Lake City, UT, USA},
 doi = {http://doi.acm.org/10.1145/1345206.1345233},
 publisher = {ACM},
 address = {New York, NY, USA},
 }

@INPROCEEDINGS{riegel06lsa,
    author = {Torvald Riegel and Pascal Felber and Christof Fetzer},
    title = {A lazy snapshot algorithm with eager validation},
    booktitle = {In Proceedings of the 20th International Symposium on Distributed Computing (DISC’06)},
    year = {2006},
    pages = {284--298}
}

@inproceedings{deucestm,
  author	= {Korland, Guy and Shavit, Nir and Felber, Pascal},
  title		= {Noninvasive {J}ava Concurrency with {D}euce {STM} (poster)},
  booktitle	= {SYSTOR~'09: The Israeli Experimental Systems Conference},
  year		= {2009},
  month		= {may},
  note		= {Further details at \url{http://www.deucestm.org/}},
}

@conference{hickey08clojure,
  title={{The Clojure programming language}},
  author={Hickey, R.},
  booktitle={Proceedings of the 2008 symposium on Dynamic languages},
  year={2008},
  organization={ACM New York, NY, USA}
}

@inproceedings{dragojevic09swisstm,
 author = {Dragojevi\'{c}, Aleksandar and Guerraoui, Rachid and Kapalka, Michal},
 title = {Stretching transactional memory},
 booktitle = {PLDI '09: Proceedings of the 2009 ACM SIGPLAN conference on Programming language design and implementation},
 year = {2009},
 isbn = {978-1-60558-392-1},
 pages = {155--165},
 location = {Dublin, Ireland},
 doi = {http://doi.acm.org/10.1145/1542476.1542494},
 publisher = {ACM},
 address = {New York, NY, USA},
}

@misc{multiverse,
  author = {Peter Veentjer and Andrew Philips},
  title = {{Multiverse}}, 
  howpublished = {http://multiverse.codehaus.org}
}

@misc{github:spiewak,
  author = {Daniel Spiewak},
  title = {{scala-stm}}, 
  howpublished = {http://github.com/djspiewak/scala-stm}
}

@inproceedings{moravan06nesting,
        author = {Michelle J. Moravan and Jayaram Bobba and Kevin E. Moore and Luke Yen and Mark D. Hill and Ben Liblit and Michael M. Swift and David A. Wood},
        title = {Supporting nested transactional memory in {LogTM}},
        booktitle = {Proceedings of the 12th international conference on Architectural support for programming languages and operating systems},
        year = {2006},
        isbn = {1-59593-451-0},
        pages = {359--370},
        location = {San Jose, California, USA},
        doi = {http://doi.acm.org/10.1145/1168857.1168902},
        publisher = {ACM Press},
        address = {New York, NY, USA},
}

@INPROCEEDINGS{harris04exceptions,
 author    = {Tim Harris},
 title     = {Exceptions and side-effects in atomic blocks},
 booktitle = {2004 PODC Workshop on Concurrency and Synchronization in {Java} Programs},
 month     = {July},
 year      = {2004},
 location  = {St Johns, Newfoundland, Canada},
}

@incollection{moss06open,
  author        = {J. Eliot B. Moss},
  title         = {Open Nested Transactions: Semantics and Support},
  booktitle     = {Poster at the 4th Workshop on Memory Performance Issues (WMPI-2006)},
  location      = {Austin, Texas},
  month         = {February},
  year          = {2006}
}

@inproceedings{bronson10ccstm,
  author      = {Nathan G. Bronson and Hassan Chafi and Kunle Olukotun},
  title       = {{CCSTM}: A Library-Based {STM} for {Scala}},
  booktitle   = {The First Annual Scala Workshop at Scala Days 2010},
  location    = {Lausanne, Switzerland},
  month       = {April},
  year        = {2010}
}

@conference{baek10implementing,
  title={{Implementing and Evaluating a Model Checker for Transactional Memory Systems}},
  author={Baek, W. and Bronson, N. and Kozyrakis, C. and Olukotun, K.},
  booktitle={ICECCS '10: Proceedings of the 15th IEEE International Conference on Engineering of Complex Computer Systems},
  \organization={ICECCS},
  year={2010},
}

@conference{njoroge2007atlas,
  title={{Atlas: A chip-multiprocessor with transactional memory support}},
  author={Njoroge, N. and Casper, J. and Wee, S. and Teslyar, Y. and Ge, D. and Kozyrakis, C. and Olukotun, K.},
  booktitle={Proceedings of the conference on Design, automation and test in Europe},
  \pages={3--8},
  year={2007},
  \organization={EDA Consortium}
}



%%%%%%%%%%%%%%%%%%%%%%%%%%%%%%%%%
%% Misc.
%%%%%%%%%%%%%%%%%%%%%%%%%%%%%%%%%

@misc{aandd:procyon,
 key          = {Procyon},
 title        = {Procyon, The ultra-high-performance simulation and control platform.},
 author       = "{A \& D Technology, Inc.}",
 howpublished = "\url{http://www.aanddtech.com/products/realtime_measurement_simulation_control/procyon/}",
}

@misc{lea:concurrenthashmap,
 key = {ConcurrentHashMap},
 author = {Doug Lea},
 title = {Concurrent Hash Map in {JSR} 166 Concurrency Utilities.},
 howpublished = "{\scriptsize \url{http://gee.cs.oswego.edu/dl/} \\ \url{concurrency-interest/index.html}}",
 year = {2007},
 month = {December},
}

@article{dharmapurikar04bloomfilters,
 title={Deep packet inspection using parallel bloom filters},
 author={Sarang Dharmapurikar and Praveen Krishnamurthy and Sproull, T.S. and Lockwood, J.W.},
 journal={Micro, IEEE},
 year={2004},
 month={Jan.-Feb.},
 volume={24},
 number={1},
 pages={ 52-61},
 keywords={ computer networks, cryptography, data structures, message authentication, string matching deep packet inspection, hash functions, network security applications, packet processing applications, parallel Bloom filter data structure, software-based packet monitors},
 doi={10.1109/MM.2004.1268997},
 ISSN={0272-1732}, 
}

@article{carter79hashes,
 title = "Universal classes of hash functions",
 journal = "Journal of Computer and System Sciences",
 volume = "18",
 number = "2",
 pages = "143 - 154",
 year = "1979",
 note = "",
 issn = "0022-0000",
 doi = "DOI: 10.1016/0022-0000(79)90044-8",
 url = "http://www.sciencedirect.com/science/article/B6WJ0-4B55K9J-D/2/036439eff8b0d54d7974c2d5d6997669",
 author = "J. Lawrence Carter and Mark N. Wegman"
}

% coherence polling
@inproceedings{mukherjee96coherent,
    author = "S. S. Mukherjee and B. Falsafi and M. D. Hill and D. A. Wood",
    title = "Coherent Network Interfaces for fine-Grain Communication",
    booktitle = "ISCA '96: Proceedings of the 23rd Annual Int'l Symp. on Computer Architecture",
    pages = "247--258",
    year = "1996",
}

@misc{uoh:chtcore,
 key = {cHTcore},
 author = {University of Heidelberg (Germany)},
 title = "{UoH cHT-Core (coherent HT Cave Core)}",
 howpublished = "\url{http://www.hypertransport.org/default.cfm?page=ProductsViewProduct&ProductID=84}",
}

@inproceedings{chakradhar09besteffort,
    author = "J. Meng and S. Chakradhar and A. Raghunathan",
    title = "Best-Effort Parallel Execution Framework for Recognition and Mining Applications",
    booktitle = "Proc. of {IPDPS}",
    year = "2009",
}

@book{shavit08theart,
    author = {Herlihy, Maurice and Shavit, Nir},
    isbn = {0123705916},
    posted-at = {2008-10-20 06:41:42},
    priority = {2},
    publisher = {Morgan Kaufmann},
    title = {The Art of Multiprocessor Programming},
    year = {2008},
    address = {San Francisco, CA, USA},
}

@book{vandevoorde2003,
  title={{C++ templates: the Complete Guide}},
  author={Vandevoorde, D. and Josuttis, N.M.},
  year={2003},
  publisher={Addison-Wesley Professional}
}

@article{sheardTemplateHaskell,
        Author = {Sheard, T. and Jones, S.P.},
        Date-Added = {2009-09-21 22:28:11 +0200},
        Date-Modified = {2009-09-21 22:28:17 +0200},
        Journal = {ACM SIGPLAN Notices},
        Number = {12},
        Pages = {60--75},
        Publisher = {ACM New York, NY, USA},
        Title = {{Template meta-programming for Haskell}},
        Volume = {37},
        Year = {2002}}

@misc{veldhuizen1996expression,
  title={{Expression templates, C++ gems}},
  author={Todd L. Veldhuizen},
  year={1996},
  howpublished={SIGS Publications, Inc., New York, NY}
}

@inproceedings{DBLP:conf/iscope/Veldhuizen98,
 title={Arrays in Blitz++},
 author={Todd L. Veldhuizen},
 booktitle={ISCOPE},
 year={1998},
 pages={223-230},
 ee={http://link.springer.de/link/service/series/0558/bibs/1505/15050223.htm},
 bibsource={DBLP, http://dblp.uni-trier.de}
}


@phdthesis{phd/Veldhuizen04,
  author={Todd L. Veldhuizen},
  title={Active Libraries and Universal Languages},
  year={2004},
  month={May},
  school={Indiana University Computer Science},
  ee={http://osl.iu.edu/~tveldhui/papers/2004/dissertation.pdf}
}

@inproceedings{paleczny2001hotspot,
  author = {Michael Paleczny and Christopher Vick and Cliff Click},
  title = {The Java Hotspot(tm) Server Compiler},
  booktitle = {In USENIX Java Virtual Machine Research and Technology Symposium},
  year = {2001},
  pages = {1--12}
}

@incollection{beckmann04,
   author = {Beckmann, Olav and Houghton, Alastair and Mellor, Michael and Kelly, Paul H.J.},
   affiliation = {Department of Computing, Imperial College London, 180 Queens Gate, London SW7 2BZ UK},
   title = {Runtime Code Generation in C++ as a Foundation for Domain-Specific Optimisation},
   booktitle = {Domain-Specific Program Generation},
   series = {Lecture Notes in Computer Science},
   editor = {Lengauer, Christian and Batory, Don and Consel, Charles and Odersky, Martin},
   publisher = {Springer Berlin / Heidelberg},
   isbn = {},
   pages = {77-210},
   volume = {3016},
   year = {2004}
}

@proceedings{DBLP:conf/ppopp/2011,
  editor    = {Calin Cascaval and
               Pen-Chung Yew},
  title     = {Proceedings of the 16th ACM SIGPLAN Symposium on Principles
               and Practice of Parallel Programming, PPOPP 2011, San Antonio,
               TX, USA, February 12-16, 2011},
  booktitle = {PPOPP},
  publisher = {ACM},
  year      = {2011},
  isbn      = {978-1-4503-0119-0},
  bibsource = {DBLP, http://dblp.uni-trier.de}
}

@article{DBLP:journals/pc/WhaleyPD01,
  author    = {R. Clinton Whaley and
               Antoine Petitet and
               Jack Dongarra},
  title     = {{Automated empirical optimizations of software and the ATLAS
               project}},
  journal   = {Parallel Computing},
  volume    = {27},
  number    = {1-2},
  year      = {2001},
  pages     = {3-35},
  bibsource = {DBLP, http://dblp.uni-trier.de}
}

@inproceedings{DBLP:conf/pldi/Frigo99,
  author    = {Matteo Frigo},
  title     = {A Fast Fourier Transform Compiler},
  booktitle = {PLDI},
  year      = {1999},
  pages     = {169-180},
}

@article{DBLP:journals/ijhpca/PuschelMSXJPVJ04,
  author    = {Markus P{\"u}schel and
               Jos{\'e} M. F. Moura and
               Bryan Singer and
               Jianxin Xiong and
               Jeremy Johnson and
               David A. Padua and
               Manuela M. Veloso and
               Robert W. Johnson},
  title     = {Spiral: A Generator for Platform-Adapted Libraries of Signal
               Processing Alogorithms},
  journal   = {IJHPCA},
  volume    = {18},
  number    = {1},
  year      = {2004},
  pages     = {21-45},
}

@ARTICLE{fisher97,
author={Fisher, J.A.}, 
journal={Computer}, title={Walk-time techniques: catalyst for architectural change}, 
year={1997}, 
month=sep, 
volume={30}, 
number={9}, 
pages={40-42}, 
}




%%%%%%%%%%%%%%%%%%%%%%%%%%%%%%%%%%%%%%%%%%%%%%%%%%%%%%%5
%% FPGA
%%%%%%%%%%%%%%%%%%%%%%%%%%%%%%%%%%%%%%%%%%%%%%%%%%%%%%%5

@INPROCEEDINGS{Alberto07fccm,
    title={Generating FPGA-Accelerated DFT Libraries},
    author={D'Alberto, P. and Milder, P.A. and Sandryhaila, A. and Franchetti, F. and Hoe, J.C. and Moura, J.M.F. and Puschel, M. and Johnson, J.R.},
    booktitle={Field-Programmable Custom Computing Machines. FCCM 2007. 15th Annual IEEE Symposium on},
    /year={2007},
    /month={April},
    volume={},
    number={},
    /pages={173-184},
    keywords={discrete Fourier transforms, divide and conquer methods, electronic engineering computing, embedded systems, field programmable gate arrays, program compilers, software librariesDFT library, Xilinx Virtex-II Pro FPGA, code-generation framework, discrete Fourier transform, divide-and-conquer algorithmic structure, embedded PowerPC processor, feedback-driven exploration, high-performance hardware-software partition},
    doi={10.1109/FCCM.2007.58},
    ISSN={}, 
}

@inproceedings{dou05isfpga,
     author = {Dou, Yong and Vassiliadis, S. and Kuzmanov, G. K. and Gaydadjiev, G. N.},
     title = {64-bit floating-point FPGA matrix multiplication},
     booktitle = {FPGA '05: Proceedings of the 2005 ACM/SIGDA 13th international symposium on Field-programmable gate arrays},
     year = {2005},
     isbn = {1-59593-029-9},
     pages = {86--95},
     location = {Monterey, California, USA},
     doi = {http://doi.acm.org/10.1145/1046192.1046204},
     /publisher = {ACM},
     /address = {New York, NY, USA},
 }


@inproceedings{underwood05ipdps,
     author = {Underwood, Keith D. and Hemmert, K. Scott and Rodrigues, Arun and Murphy, Richard and Brightwell, Ron},
     title = {A Hardware Acceleration Unit for MPI Queue Processing},
     booktitle = {IPDPS '05: Proceedings of the 19th IEEE International Parallel and Distributed Processing Symposium},
     year = {2005},
     isbn = {0-7695-2312-9},
     pages = {96.2},
     doi = {http://dx.doi.org/10.1109/IPDPS.2005.30},
     /publisher = {IEEE Computer Society},
     /address = {Washington, DC, USA},
}

@article{ramp07micro,
     author = {Wawrzynek, John and Patterson, David and Oskin, Mark and Lu, Shih-Lien and Kozyrakis, Christoforos and Hoe, James C. and Chiou, Derek and Asanovic, Krste},
     title = {RAMP: Research Accelerator for Multiple Processors},
     journal = {IEEE Micro},
     volume = {27},
     number = {2},
     year = {2007},
     issn = {0272-1732},
     pages = {46--57},
     doi = {http://dx.doi.org/10.1109/MM.2007.39},
      /publisher = {IEEE Computer Society Press},
      /address = {Los Alamitos, CA, USA},
     }


%%%%%%%%%%%%%%%%%%%%%%%%%%%%%%%%%
%% intelligent memory
%%%%%%%%%%%%%%%%%%%%%%%%%%%%%%%%%

@article{hughes05jpdc,
     author = {Hughes, Christopher J. and Adve, Sarita V.},
     title = {Memory-side prefetching for linked data structures for processor-in-memory systems},
     journal = {J. Parallel Distrib. Comput.},
     volume = {65},
     number = {4},
     year = {2005},
     issn = {0743-7315},
     pages = {448--463},
     doi = {http://dx.doi.org/10.1016/j.jpdc.2004.11.004},
     /publisher = {Academic Press, Inc.},
     /address = {Orlando, FL, USA},
}

@ARTICLE{Patterson97jmicro,
     author = {David Patterson and Thomas Anderson and Neal Cardwell and Richard Fromm and Kimberly Keeton and Christoforos Kozyrakis and I Thomas and Katherine Yelick},
      title = {A case for intelligent RAM: IRAM},
      journal = {IEEE Micro},
      year = {1997},
      volume = {17}
}

@INPROCEEDINGS{oskin98isca,
    title={Active Pages: a computation model for intelligent memory},
    author={Oskin, M. and Chong, F.T. and Sherwood, T.},
    booktitle={Computer Architecture, 1998. Proceedings. The 25th Annual International Symposium on},
    year={1998},
    month={Jun-1 Jul},
    volume={},
    number={},
    pages={192-203},
    keywords={memory architecture, multiprocessing systems, performance evaluation, reconfigurable architecturesActive Pages, RADram system, RXDram, SimpleScalar simulator, computation model, data-intensive computations, intelligent memory, memory system, memory technologies, reconfigurable architecture DRAM},
    doi={10.1109/ISCA.1998.694774},
    ISSN={1063-6897}, }

@INPROCEEDINGS{kocher04dac,
    title={Security as a new dimension in embedded system design},
    author={Kocher, P. and Lee, R. and McGraw, G. and Raghunathan, A. and Ravi, S.},
    booktitle={Design Automation Conference, 2004. Proceedings. 41st},
    year={2004},
    month={},
    volume={},
    number={},
    pages={ 753-760},
    doi={},
    ISSN={0738-100X}, }

%%%%%%%%%%%%%%%%%%%%%%%%%%%%%%%%%
%% coherence 
%%%%%%%%%%%%%%%%%%%%%%%%%%%%%%%%%

@inproceedings{acacio01hcpa,
     author = {Acacio, Manuel E. and Gonz\'{a}lez, Jos\'{e} and Garc\'{\i}a, Jos\'{e} M. and Duato, Jos\'{e}},
     title = {A New Scalable Directory Architecture for Large-Scale Multiprocessors},
     booktitle = {HPCA '01: Proceedings of the 7th International Symposium on High-Performance Computer Architecture},
     year = {2001},
     isbn = {0-7695-1019-1},
     pages = {97},
     /publisher = {IEEE Computer Society},
     /address = {Washington, DC, USA},
}

@inproceedings{moshovos05isca,
     author = {Moshovos, Andreas},
     title = {RegionScout: Exploiting Coarse Grain Sharing in Snoop-Based Coherence},
     booktitle = {ISCA '05: Proceedings of the 32nd annual international symposium on Computer Architecture},
     year = {2005},
     isbn = {0-7695-2270-X},
     /pages = {234--245},
      doi = {http://dx.doi.org/10.1109/ISCA.2005.42},
      /publisher = {IEEE Computer Society},
      /address = {Washington, DC, USA},
}

%%%%%%%%%%%%%%%%%%%%%%%%%%%%%%%%%
%% scientific computing
%%%%%%%%%%%%%%%%%%%%%%%%%%%%%%%%%
@inproceedings{brown99siam,
     author = {Brown, D. L. and Henshaw, William D. and Quinlan, Daniel J.},
     title = {Overture: An Object-Oriented Framework for Solving Partial Differential Equations on Overlapping Grids},
     booktitle = {SIAM conference on Object Oriented Methods for Scientfic Computing},
     year = {1999},
     volume = {UCRL-JC-132017}
}

@article{heroux05tms,
 author = {Heroux, Michael A. and Bartlett, Roscoe A. and Howle, Vicki E. and Hoekstra, Robert J. and Hu, Jonathan J. and Kolda, Tamara G. and Lehoucq, Richard B. and Long, Kevin R. and Pawlowski, Roger P. and Phipps, Eric T. and Salinger, Andrew G. and Thornquist, Heidi K. and Tuminaro, Ray S. and Willenbring, James M. and Williams, Alan and Stanley, Kendall S.},
 title = {{An overview of the Trilinos project}},
 journal = {ACM Trans. Math. Softw.},
 volume = {31},
 number = {3},
 year = {2005},
 issn = {0098-3500},
 pages = {397--423},
 doi = {http://doi.acm.org/10.1145/1089014.1089021},
 publisher = {ACM},
 address = {New York, NY, USA},
 }
 
 @MISC{reynders96,
    author = {John V. W. Reynders and Paul J. Hinker and Julian C. Cummings and Susan R. Atlas and Subhankar Banerjee and William F. Humphrey and Katarzyna Keahey and M. Srikant and Marydell Tholburn},
    title = {{POOMA: A Framework for Scientific Simulation on Parallel Architectures}},
    year = {1996}
}
@InProceedings{satish97mstsc,
    Author     = "Satish Balay and William D. Gropp and Lois Curfman McInnes and Barry F. Smith",
   Title          = "{Efficient Management of Parallelism in Object Oriented Numerical Software Libraries}",
    Booktitle  = "Modern Software Tools in Scientific Computing",
    Editor       = "E. Arge and A. M. Bruaset and H. P. Langtangen",
    Pages       = "163--202",
    Publisher = "Birkh{\"{a}}user Press",
    Year           = "1997"
}
@InProceedings{chow98siam,
    Author     = "Chow, E. and Cleary, A.J. and Falgout, R.D.",
   Title          = "{Design of the hypre Preconditioner Library}",
    Booktitle  = "SIAM Workshop on Object Oriented Methods for Inter-operable Scientific and Engineering Computing",
    Editor       = "Mike Henderson and Chris Anderson and Steve Lyons",
    Pages       = "21--23",
    Year           = "1998"
}
@article{stewart04fead,
 author = {Stewart, James R. and Edwards, H. Carter},
 title = {A framework approach for developing parallel adaptive multiphysics applications},
 journal = {Finite Elem. Anal. Des.},
 volume = {40},
 number = {12},
 year = {2004},
 issn = {0168-874X},
 pages = {1599--1617},
 doi = {http://dx.doi.org/10.1016/j.finel.2003.10.006},
 publisher = {Elsevier Science Publishers B. V.},
 address = {Amsterdam, The Netherlands, The Netherlands},
 }
 
@article{karypis98jpdc,
 author = {Karypis, George and Kumar, Vipin},
 title = {A parallel algorithm for multilevel graph partitioning and sparse matrix ordering},
 journal = {J. Parallel Distrib. Comput.},
 volume = {48},
 number = {1},
 year = {1998},
 issn = {0743-7315},
 pages = {71--95},
 doi = {http://dx.doi.org/10.1006/jpdc.1997.1403},
 publisher = {Academic Press, Inc.},
 address = {Orlando, FL, USA},
 }

%%%%%%%%%%%%%%%%%%%%%%%%%%%%%%%%%%%%%%%%%%%%%%%%%%
%%   Machine Learning
%%%%%%%%%%%%%%%%%%%%%%%%%%%%%%%%%%%%%%%%%%%%%%%%%%

@incollection{chu-07-mapreduce,
 title = {Map-Reduce for Machine Learning on Multicore},
 author = {C. Chu and S. Kim and Y. Lin and Y. Yu and G. Bradski and A. Y. Ng and K. Olukotun},
 booktitle = {Advances in Neural Information Processing Systems 19},
 year = {2007}
}

@article{kearns98,
  author = {Kearns, M.},
  title = {Efficient noise-tolerant learning from statistical queries},
  journal = {Joural of the ACM},
  volume = {45},
  issue = {6},
  pages = {983--1006},
  year = {1998}
}

@inproceedings{low10graphlab,
  title = {{GraphLab: A New Parallel Framework for Machine Learning}},
  author = {Y. Low and J. Gonzalez and A. Kyrola and D. Bickson and C. Guestrin and J. M. Hellerstein},
  booktitle = {UAI},
  year = {2010},
}

@inproceedings{zinkevich10gradient,
  title = {Parallelized Stochastic Gradient Descent},
  author = {M. A. Zinkevich and M. Weimer and A. Smola and L. Li},
  booktitle = {Advances in Neural Information Processing Systems},
  month = {December},
  year = {2010},
}

@MISC{Platt98sequentialminimal,
      author = {J. C. Platt},
      title = {Sequential Minimal Optimization: A Fast Algorithm for Training Support Vector Machines},
      year = {1998}
}
@book{jones1993partial,
  title={{Partial evaluation and automatic program generation}},
  author={Jones, N.D. and Gomard, C.K. and Sestoft, P.},
  isbn={0130202495},
  year={1993},
  publisher={Peter Sestoft}
}

@article{danvy1992rcs,
	Author = {Danvy, Olivier and Filinski, Andrzej},
	Journal = {Mathematical Structures in Computer Science},
	Number = {4},
	Pages = {361--391},
	Title = {{Representing Control: A Study of the {CPS} Transformation}},
	Volume = {2},
	Year = {1992}}

@inproceedings{Danvy90abstractingcontrol,
	Author = {Olivier Danvy and Andrzej Filinski},
	Booktitle = {Proc. {LFP}'90},
	Date-Added = {2009-02-01 17:09:01 +0100},
	Date-Modified = {2009-02-01 17:09:01 +0100},
	Pages = {151--160},
	XXpublisher = {ACM},
	Title = {Abstracting control},
	Year = {1990}}

@article{DBLP:journals/tcs/Wadler90,
  author    = {Philip Wadler},
  title     = {Deforestation: Transforming Programs to Eliminate Trees},
  journal   = {Theor. Comput. Sci.},
  volume    = {73},
  number    = {2},
  year      = {1990},
  pages     = {231-248},
  bibsource = {DBLP, http://dblp.uni-trier.de}
}

@inproceedings{DBLP:conf/icfp/CouttsLS07,
  author    = {Duncan Coutts and
               Roman Leshchinskiy and
               Don Stewart},
  title     = {Stream fusion: from lists to streams to nothing at all},
  booktitle = {ICFP},
  year      = {2007},
  pages     = {315-326},
  ee        = {http://doi.acm.org/10.1145/1291151.1291199},
  crossref  = {DBLP:conf/icfp/2007},
  bibsource = {DBLP, http://dblp.uni-trier.de}
}
@proceedings{DBLP:conf/icfp/2007,
  editor    = {Ralf Hinze and
               Norman Ramsey},
  title     = {Proceedings of the 12th ACM SIGPLAN International Conference
               on Functional Programming, ICFP 2007, Freiburg, Germany,
               October 1-3, 2007},
  booktitle = {ICFP},
  publisher = {ACM},
  year      = {2007},
  isbn      = {978-1-59593-815-2},
  bibsource = {DBLP, http://dblp.uni-trier.de}
}

@inproceedings{DBLP:conf/icfp/RompfMO09,
  author    = {Tiark Rompf and
               Ingo Maier and
               Martin Odersky},
  title     = {Implementing first-class polymorphic delimited continuations
               by a type-directed selective CPS-transform},
  booktitle = {ICFP},
  year      = {2009},
  pages     = {317-328},
  ee        = {http://doi.acm.org/10.1145/1596550.1596596},
  crossref  = {DBLP:conf/icfp/2009},
  bibsource = {DBLP, http://dblp.uni-trier.de}
}
@proceedings{DBLP:conf/icfp/2009,
  editor    = {Graham Hutton and
               Andrew P. Tolmach},
  title     = {Proceeding of the 14th ACM SIGPLAN international conference
               on Functional programming, ICFP 2009, Edinburgh, Scotland,
               UK, August 31 - September 2, 2009},
  booktitle = {ICFP},
  publisher = {ACM},
  year      = {2009},
  isbn      = {978-1-60558-332-7},
  bibsource = {DBLP, http://dblp.uni-trier.de}
}

@inproceedings{ureche12,
 author = {Vlad Ureche and Tiark Rompf and Arvind Sujeeth and Hassan Chafi and Martin Odersky},
 title = {StagedSAC: A Case Study in Performance-Oriented DSL Development},
 booktitle = {PEPM},
 year      = {2012}
}

@inproceedings{DBLP:conf/pepm/Taha00,
  author    = {Walid Taha},
  title     = {A Sound Reduction Semantics for Untyped CBN Multi-stage
               Computation. Or, the Theory of MetaML is Non-trivial (Extended
               Abstract)},
  booktitle = {PEPM},
  year      = {2000},
  pages     = {34-43},
  ee        = {http://doi.acm.org/10.1145/328690.328697},
  bibsource = {DBLP, http://dblp.uni-trier.de}
}

@INPROCEEDINGS{McCarthy63abasis,
    author = {John McCarthy},
    title = {A Basis For A Mathematical Theory Of Computation},
    booktitle = {Computer Programming and Formal Systems},
    year = {1963},
    pages = {33--70},
    publisher = {North-Holland}
}

@article{DBLP:journals/corr/abs-1102-3676,
  author    = {Dimitrios Vardoulakis and
               Olin Shivers},
  title     = {CFA2: a Context-Free Approach to Control-Flow Analysis},
  journal   = {CoRR},
  volume    = {abs/1102.3676},
  year      = {2011},
  ee        = {http://arxiv.org/abs/1102.3676},
  bibsource = {DBLP, http://dblp.uni-trier.de}
}
@article{DBLP:journals/corr/abs-1007-4268,
  author    = {Christopher Earl and
               Matthew Might and
               David Van Horn},
  title     = {Pushdown Control-Flow Analysis of Higher-Order Programs},
  journal   = {CoRR},
  volume    = {abs/1007.4268},
  year      = {2010},
  ee        = {http://arxiv.org/abs/1007.4268},
  bibsource = {DBLP, http://dblp.uni-trier.de}
}

@inproceedings{DBLP:conf/sc/BelterJKS09,
  author    = {Geoffrey Belter and
               Elizabeth R. Jessup and
               Ian Karlin and
               Jeremy G. Siek},
  title     = {Automating the generation of composed linear algebra kernels},
  booktitle = {SC},
  year      = {2009},
  ee        = {http://doi.acm.org/10.1145/1654059.1654119},
  crossref  = {DBLP:conf/sc/2009},
  bibsource = {DBLP, http://dblp.uni-trier.de}
}
@proceedings{DBLP:conf/sc/2009,
  title     = {Proceedings of the ACM/IEEE Conference on High Performance
               Computing, SC 2009, November 14-20, 2009, Portland, Oregon,
               USA},
  booktitle = {SC},
  publisher = {ACM},
  year      = {2009},
  isbn      = {978-1-60558-744-8},
  bibsource = {DBLP, http://dblp.uni-trier.de}
}
@article{cooley1965algorithm,
  title={{An algorithm for the machine calculation of complex Fourier series}},
  author={Cooley, J.W. and Tukey, J.W.},
  journal={Mathematics of computation},
  volume={19},
  number={90},
  pages={297--301},
  year={1965},
  publisher={JSTOR}
}
@inproceedings{DBLP:conf/emsoft/KiselyovST04,
  author    = {Oleg Kiselyov and
               Kedar N. Swadi and
               Walid Taha},
  title     = {A methodology for generating verified combinatorial circuits},
  booktitle = {EMSOFT},
  year      = {2004},
  pages     = {249-258},
  ee        = {http://doi.acm.org/10.1145/1017753.1017794},
  crossref  = {DBLP:conf/emsoft/2004},
  bibsource = {DBLP, http://dblp.uni-trier.de}
}
@proceedings{DBLP:conf/emsoft/2004,
  editor    = {Giorgio C. Buttazzo},
  title     = {EMSOFT 2004, September 27-29, 2004, Pisa, Italy, Fourth
               ACM International Conference On Embedded Software, Proceedings},
  booktitle = {EMSOFT},
  publisher = {ACM},
  year      = {2004},
  isbn      = {1-58113-860-1},
  bibsource = {DBLP, http://dblp.uni-trier.de}
}
@book{sinnen2007task,
  title={Task scheduling for parallel systems},
  author={Sinnen, O.},
  isbn={9780471735762},
  lccn={2006052157},
  series={Wiley series on parallel and distributed computing},
  url={http://books.google.com/books?id=OMdLFOtJhUMC},
  year={2007},
  publisher={Wiley-Interscience}
}
