@comment{x-kbibtex-personnameformatting=<%l><, %f>}

@article{w3c2004document,
  title={Document Object Model (DOM) Level 3 Core Specification},
  author={W3C-World Wide Web Consortium and others},
  journal={W3C recommendation},
  year={2004}
}

@article{Raggett99_HTML,
  title={HTML 4.01 Specification},
  author={Raggett, Dave and Le Hors, Arnaud and Jacobs, Ian and others},
  journal={W3C recommendation},
  volume={24},
  year={1999}
}

@TechReport{Doeraene13_ScalaJs,
   abstract    = {Interoperability between statically typed and
                 dynamically typed languages is increasingly important, as
                 can be witnessed by the many statically typed languages
                 targeting JavaScript. Interoperating with both the
                 object-oriented and functional features of JavaScript is
                 essential, if only to manipulate the DOM, yet existing
                 languages have very poor support for this. We present
                 Scala.js, a dialect of Scala compiling to JavaScript. Its
                 interoperability system is based on a powerful and
                 intuitive framework for type-directed interoperability
                 with dynamically typed languages. The framework combines
                 facade types for JavaScript values; user-defined,
                 implicit, type-directed cross-language conversions; and a
                 Dynamic type building on facade types and implicit
                 conversions. It accommodates both the functional and
                 object-oriented features of Scala and JavaScript, and
                 provides very natural interoperability between the two
                 languages. It is expressive enough to represent the DOM
                 and jQuery APIs, among others, both in its statically
                 typed and dynamically typed flavors.},
   affiliation = {EPFL},
   author      = {Doeraene, Sébastien},
   details     = {http://infoscience.epfl.ch/record/190834},
   documenturl = {http://infoscience.epfl.ch/record/190834/files/scalajs-paper.pdf},
   keywords    = {interoperability; static types; dynamic types; Scala; JavaScript},
   oai-id      = {oai:infoscience.epfl.ch:190834},
   oai-set     = {driver},
   pagecount   = {10},
   submitter   = {232023; 232023},
   title       = {Scala.{j}s: {T}ype-{D}irected {I}nteroperability with
                 {D}ynamically {T}yped {L}anguages},
   unit        = {LAMP},
   year        = 2013
}


@incollection{Lerner13_TypedJQuery,
  year={2013},
  author = "Lerner, BenjaminS. and Elberty, Liam and Li, Jincheng and Krishnamurthi, Shriram",
  booktitle = "{ECOOP 2013 – Object-Oriented Programming}",
  doi = "10.1007/978-3-642-39038-8_4",
  editor = "Castagna, Giuseppe",
  isbn = "978-3-642-39037-1",
  pages = "79–103",
  publisher = "Springer Berlin Heidelberg",
  series = "{Lecture Notes in Computer Science}",
  title = "{Combining Form and Function: Static Types for JQuery Programs}",
  url = "http://dx.doi.org/10.1007/978-3-642-39038-8_4",
  volume = "7920"
}


@inproceedings{leijen1999domain,
  title={Domain specific embedded compilers},
  author={Leijen, Daan and Meijer, Erik},
  booktitle={ACM Sigplan Notices},
  volume={35},
  number={1},
  pages={109--122},
  year={1999},
  organization={ACM}
}

@incollection{liberty2011reactive,
  title={Reactive Extensions for JavaScript},
  author={Liberty, Jesse and Betts, Paul},
  booktitle={Programming Reactive Extensions and LINQ},
  pages={111--124},
  year={2011},
  publisher={Springer}
}

@article{Chugh12_DJS,
 author = {Chugh, Ravi and Herman, David and Jhala, Ranjit},
 title = {Dependent Types for JavaScript},
 journal = {SIGPLAN Not.},
 issue_date = {October 2012},
 volume = {47},
 number = {10},
 month = oct,
 year = {2012},
 issn = {0362-1340},
 pages = {587--606},
 numpages = {20},
 url = {http://doi.acm.org/10.1145/2398857.2384659},
 doi = {10.1145/2398857.2384659},
 acmid = {2384659},
 publisher = {ACM},
 address = {New York, NY, USA},
 keywords = {JavaScript, arrays, prototype inheritance, refinement types, strong updates},
}

@article{fenton2012typescript,
  title={TypeScript For JavaScript Programmers},
  author={Fenton, Steve},
  year={2012},
  publisher={Lulu. com}
}

@article{Brady13_Idris,
  title={Idris, a General Purpose Dependently Typed Programming Language: Design and Implementation},
  author={BRADY, EDWIN}
  year={2013}
}

@misc{czaplicki2012elm,
  title={Elm: Concurrent FRP for Functional GUIs},
  author={Czaplicki, Evan},
  year={2012}
}

@article{mckenna2012roy,
  title={Roy: A Statically Typed, Functional Language for JavaScript (HTML)},
  author={McKenna, Brian},
  year={2012}
}

@article{Cannasse08_HaXe,
	Author = {Cannasse, N.},
	Date-Added = {2012-10-25 11:14:49 +0200},
	Date-Modified = {2012-10-25 11:15:02 +0200},
	Journal = {The Essential Guide to Open Source Flash Development},
	Pages = {227--244},
	Publisher = {Springer},
	Title = {Using HaXe},
	Year = {2008}
}


@article{Griffith11_Dart,
        Author = {Griffith, R.},
        Date-Added = {2012-10-25 11:08:17 +0200},
        Date-Modified = {2012-10-25 11:08:30 +0200},
        Publisher = {Richard Griffith},
        Title = {The Dart Programming Language for Non-Programmers-Overview},
        Year = {2011}}

@inproceedings{Lorenz11_LOP,
	annote = "Pr{\'e}sentation de Cedalion, un workbench language qui permet de d{\'e}finir des DSL internes sans contrainte sur la grammaire. Cedalion permet de d{\'e}finir des {\'e}diteurs projectionnels afin de modifier directement l'AST des aspects plut{\^o}t que d'avoir {\`a} les parser, ce qui {\'e}vite les probl{\`e}mes de composition de grammaire. Cedalion est un langage logique, il semble plut{\^o}t expressif bien que peu intuitif. Le runtime est tr{\`e}s peu performant en revanche.",
	author = "Lorenz, David H. and Rosenan, Boaz",
	bibsource = "DBLP, http://dblp.uni-trier.de",
	booktitle = "{OOPSLA}",
	crossref = "DBLP:conf/oopsla/2011",
	date-added = "2012-09-03 13:00:21 +0200",
	date-modified = "2012-09-03 13:01:02 +0200",
	ee = "http://doi.acm.org/10.1145/2048066.2048123",
	pages = "733--752",
	title = "{Cedalion: a language for language oriented programming}",
	year = "2011"
}

@inproceedings{Cabot08_NavigationModels,
	annote = "Si on repr{\'e}sente la navigation dans l'application comme un graphe, on peut d{\'e}finir un ensemble d'op{\'e}rations de "< refactoring "> sur ce graphe (genre dupliquer un lien d'une page vers une autre). Ces op{\'e}rations sont possibles selon certaines conditions qui leur sont propres. Un {\'e}diteur de mod{\`e}le de navigation pourrait s'appuyer sur ces refactorings pour proposer {\`a} l'utilisateur de faire {\'e}voluer le mod{\`e}le de navigation de son application de fa\c{c}on safe. Je ne sais pas trop comment il fait le lien entre son mod{\`e}le et l'application r{\'e}elle.",
	author = "Cabot, Jordi and G{\'o}mez, Cristina",
	bibsource = "DBLP, http://dblp.uni-trier.de",
	booktitle = "{ICWE}",
	crossref = "DBLP:conf/icwe/2008",
	date-added = "2012-01-13 16:59:45 +0100",
	date-modified = "2012-01-13 17:16:32 +0100",
	ee = "http://dx.doi.org/10.1109/ICWE.2008.14",
	pages = "75--85",
	title = "{A Catalogue of Refactorings for Navigation Models}",
	year = "2008"
}

@inproceedings{Preciado05_RIAMethodologyNecessity,
	annote = "Proposent une grille de lecture pour {\'e}valuer la pertinence d'un process d'ing{\'e}nierie de RIA : - Interaction : possibilit{\'e} de d{\'e}crire les comportements de l'utilisateur - Multimedia : possibilt{\'e} de repr{\'e}senter des fichiers audio, vid{\'e}o, etc. - Tool CASE : support de la m{\'e}thode par les CASE - Visual continuity : navigation Ajax - Synchronization : fournir une repr{\'e}sentation des {\'e}l{\'e}ments d'UI qui puisse {\^e}tre active ou passive - N-Tier Development : capacit{\'e} de s{\'e}parer les pr{\'e}occupations - Dynamic data retrieval : communications Ajax - Parallel requests to different sources : possibilit{\'e} de r{\'e}cup{\'e}rer des donn{\'e}es depuis diff{\'e}rentes sources, de fa\c{c}on synchrone ou asynchrone - Personalization : possibilit{\'e} d'inclure des trucs pour g{\'e}rer l'i18n, l'accessibilit{\'e}, etc. - Interactive collaboration : real-time interactive collaboration between several users working on a same task La conclusion du papier est qu'
aucune des m{\'e}thodes d'ing{\'e}nierie actuelles ne remplit tous ces crit{\`e}res",
	author = "Preciado, Juan Carlos and Trigueros, Marino Linaje and S{\'a}nchez-Figueroa, Fernando and Comai, Sara",
	bibsource = "DBLP, http://dblp.uni-trier.de",
	booktitle = "{WSE}",
	crossref = "DBLP:conf/wse/2005",
	date-added = "2011-12-19 15:25:58 +0100",
	date-modified = "2011-12-19 15:36:50 +0100",
	ee = "http://doi.ieeecomputersociety.org/10.1109/WSE.2005.10",
	pages = "7--13",
	title = "{Necessity of methodologies to model Rich Internet Applications}",
	year = "2005"
}

@inproceedings{Benjamin11_AjaxCrawling,
	annote = "Interesting. Crawling AJAX navigation based is in progress. The set of states to explore is huge, though.",
	author = "Benjamin, Kamara and von Bochmann, Gregor and Dincturk, Mustafa Emre and Jourdan, Guy-Vincent and Onut, Iosif-Viorel",
	bibsource = "DBLP, http://dblp.uni-trier.de",
	booktitle = "{ICWE}",
	crossref = "DBLP:conf/icwe/2011",
	date-added = "2011-10-24 17:44:16 +0200",
	date-modified = "2011-11-03 14:24:01 +0100",
	pages = "74--89",
	title = "{A Strategy for Efficient Crawling of Rich Internet Applications}",
	url = "http://dx.doi.org/10.1007/978-3-642-22233-7_6",
	year = "2011"
}

@inproceedings{DBLP:conf/gpce/HoferO10,
	author = "Hofer, Christian and Ostermann, Klaus",
	bdsk-url-1 = "http://doi.acm.org/10.1145/1868294.1868307;\%20file:///home/julien/Publications/todo/PolymorphicEmbeddingOfDSL.pdf",
	bdsk-url-2 = "http://doi.acm.org/10.1145/1868294.1868307;\%20/home/julien/Publications/todo/PolymorphicEmbeddingOfDSL.pdf",
	bdsk-url-3 = "http://doi.acm.org/10.1145/1868294.1868307;\%20/home/julien/Publications/todo/PolymorphicEmbeddingOfDSL.pdf",
	bibsource = "DBLP, http://dblp.uni-trier.de",
	booktitle = "{GPCE}",
	crossref = "DBLP:conf/gpce/2010",
	date-added = "2011-09-29 10:13:41 +0200",
	date-modified = "2011-09-29 10:13:41 +0200",
	pages = "83--92",
	title = "{Modular domain-specific language components in scala}",
	url = "http://doi.acm.org/10.1145/1868294.1868307; /home/julien/Publications/todo/PolymorphicEmbeddingOfDSL.pdf",
	year = "2010"
}

@phdthesis{Rompf12_LMSThesis,
	address = "Lausanne",
	affiliation = "EPFL",
	author = "Rompf, Tiark",
	bdsk-url-1 = "http://library.epfl.ch/theses/?nr=5456",
	bdsk-url-2 = "http://dx.doi.org/10.5075/epfl-thesis-5456",
	date-added = "2012-10-15 15:35:45 +0200",
	date-modified = "2012-10-15 15:36:15 +0200",
	details = "http://infoscience.epfl.ch/record/180642",
	doctoral = "EDIC",
	doi = "10.5075/epfl-thesis-5456",
	institute = "IIF",
	oai-id = "oai:infoscience.epfl.ch:180642",
	oai-set = "thesis",
	original-unit = "LAMP1",
	publisher = "EPFL",
	school = "IC",
	status = "PUBLISHED",
	title = "{Lightweight {M}odular {S}taging and {E}mbedded {C}ompilers}",
	unit = "LAMP",
	url = "http://library.epfl.ch/theses/?nr=5456",
	year = 2012
}

@inproceedings{Kossakowski12_JsDESL,
	abstract = "Developing rich web applications requires mastering different environments on the client and server sides. While there is considerable choice on the server-side, the client-side is tied to JavaScript, which poses substantial software engineering challenges, such as moving or sharing pieces of code between the environments. We embed JavaScript as a DSL in Scala, using Lightweight Modular Staging. DSL code can be compiled to JavaScript or executed as part of the server application. We use features of the host language to make client-side programming safer and more convenient. We use gradual typing to interface typed DSL programs with existing JavaScript APIs. We exploit a selective CPS transform already available in the host language to provide a compelling abstraction over asynchronous callback-driven programming in our DSL.",
	address = "Berlin, Heidelberg",
	affiliation = "EPFL",
	author = "Kossakowski, Grzegorz and Amin, Nada and Rompf, Tiark and Odersky, Martin",
	bdsk-url-1 = "https://github.com/js-scala/js-scala/",
	bdsk-url-2 = "http://dx.doi.org/10.1007/978-3-642-31057-7\_19",
	booktitle = "{{ECOOP} 2012 -- {O}bject-{O}riented {P}rogramming}",
	date-added = "2012-10-12 21:39:50 +0200",
	date-modified = "2012-10-12 21:40:41 +0200",
	details = "http://infoscience.epfl.ch/record/179888",
	documenturl = "http://infoscience.epfl.ch/record/179888/files/js-scala-ecoop.pdf",
	doi = "10.1007/978-3-642-31057-7_19",
	editor = "Noble, James",
	keywords = "JavaScript; Scala; DSL; programming languages",
	location = "Beijing, China",
	oai-id = "oai:infoscience.epfl.ch:179888",
	oai-set = "conf",
	pages = "409--434",
	publisher = "Springer Berlin Heidelberg",
	review = "REVIEWED",
	series = "{Lecture Notes in Computer Science}",
	status = "PUBLISHED",
	submitter = "164625; 164625; 164625; 164625",
	title = "{Java{S}cript as an {E}mbedded {DSL}}",
	unit = "LAMP",
	url = "https://github.com/js-scala/js-scala",
	volume = "7313",
	year = 2012
}

@techreport{Dorn12_AdaptiveCollaboration,
	author = "{Christoph Dorn}, Richard N. Taylor",
	date-added = "2012-08-28 16:42:17 +0200",
	date-modified = "2012-08-28 16:45:38 +0200",
	institution = "Institute for Software Research",
	title = "{Architecture-Driven Modeling of Adaptive Collaboration Structures in Large-Scale Social Web Applications}",
	year = "2012"
}

@article{kephart03,
	address = "Los Alamitos, CA, USA",
	author = "Kephart, Jeffrey O. and Chess, David M.",
	issn = "0018-9162",
	journal = "Computer",
	number = "1",
	pages = "41--50",
	publisher = "IEEE Computer Society Press",
	title = "{The Vision of Autonomic Computing}",
	volume = "36",
	year = "2003"
}

@url{GWT-MVP,
	date-added = "2012-03-05 12:05:04 +0100",
	date-modified = "2012-03-05 12:06:27 +0100",
	title = "{http://code.google.com/webtoolkit/articles/mvp-architecture.html}"
}

@article{Krasner88_MVC,
	abstract = "{This essay describes the Model-View-Controller (MVC) programming paradigm and methodology used in the Smalltalk-80TM programming system. MVC programming is the application of a three-way factoring, whereby objects of different classes take over the operations related to the application domain, the display of the application's state, and the user interaction with the model and the view. We present several extended examples of MVC implementations and of the layout of composite application views. The Appendices provide reference materials for the Smalltalk-80 programmer wishing to understand and use MVC better within the Smalltalk-80 system.}",
	address = "Denville, NJ, USA",
	author = "Krasner, Glenn E. and Pope, Stephen T.",
	bdsk-url-1 = "http://www.ccmrc.ucsb.edu/\%5C~\%7B\%7Dstp/PostScript/mvc.pdf",
	citeulike-article-id = "104431",
	citeulike-linkout-0 = "http://www.ccmrc.ucsb.edu/\~{}stp/PostScript/mvc.pdf",
	citeulike-linkout-1 = "http://portal.acm.org/citation.cfm?id=50757.50759",
	comment = "Rem: all notes are taken after :A Description of the Model-View-Controller User Interface Paradigm in the Smalltalk-80 System, pdf found in second link == ssues When building interactive applications, as with other programs, modularity of components has enormous benefits. Isolating functional units from each other as much as possible makes it easier for the application designer to understand and modify each particular unit, without having to know everything about the other units. This three-way division of an application entails separating (1) the parts that represent the model of the underlying application domain from (2) the way the model is presented to the user and from (3) the way the user interacts with it. Model-View-Controller (MVC) programming is the application of this three-way factoring, whereby objects of different classes take over the operations related to the application domain (the model), the display of the application's state (the view), and the user interaction with the model 
and the view (the controller). == The Model-View-Controller Metaphor To address the issues outlined above, the Model-View-Controller metaphor and its application structuring paradigm for thinking about (and implementing) interactive application components was developed. Models are those components of the system application that actually do the work (simulation of the application domain). They are kept quite distinct from views, which display aspects of the models. Controllers are used to send messages to the model, and provide the interface between the model with its associated views and the interactive user interface devices (e.g., keyboard, mouse). Each view may be thought of as being closely associated with a controller, each having exactly one model, but a model may have many view/controller pairs.",
	date-added = "2012-03-05 11:08:11 +0100",
	date-modified = "2012-03-05 11:08:24 +0100",
	issn = "0896-8438",
	journal = "J. Object Oriented Program.",
	keywords = "architecture; framework; pattern",
	number = "3",
	pages = "26--49",
	posted-at = "2005-02-26 12:46:15",
	priority = "2",
	publisher = "SIGS Publications",
	title = "{A cookbook for using the model-view controller user interface paradigm in Smalltalk-80}",
	url = "http://www.ccmrc.ucsb.edu; stp/PostScript/mvc.pdf",
	volume = "1",
	year = "1988"
}

@url{jQuery,
	date-added = "2012-03-02 11:46:55 +0100",
	date-modified = "2012-03-02 11:47:03 +0100",
	title = "{http://jquery.com/}"
}

@url{GWT,
	date-added = "2012-03-01 13:03:25 +0100",
	date-modified = "2012-03-01 13:08:00 +0100",
	title = "{http://code.google.com/webtoolkit/}"
}

@inproceedings{Daniel09_WebApp2Mashups,
	acmid = "1574444",
	address = "Berlin, Heidelberg",
	annote = "S'int{\'e}resse au r{\`e}gles {\`a} suivre pour que nos applications soient facilement mashupables. Donnent une m{\'e}thode pour componentiser une application web quelconque. Contribution : - UI component model - micro format - general componentization process Au final je ne comprends pas le contenu. Bizarre, pourtant il y avait des propositions int{\'e}ressantes dans l'intro.",
	author = "Daniel, Florian and Matera, Maristella",
	bdsk-url-1 = "http://dx.doi.org/10.1007/978-3-642-02818-2\_4",
	booktitle = "{Proceedings of the 9th International Conference on Web Engineering}",
	date-added = "2012-01-16 11:16:50 +0100",
	date-modified = "2012-01-16 11:28:51 +0100",
	doi = "10.1007/978-3-642-02818-2_4",
	isbn = "978-3-642-02817-5",
	location = "San Sebasti\&\#225;n, Spain",
	numpages = "16",
	pages = "45--60",
	publisher = "Springer-Verlag",
	series = "{ICWE '9}",
	title = "{Turning Web Applications into Mashup Components: Issues, Models, and Solutions}",
	url = "http://dx.doi.org/10.1007/978-3-642-02818-2_4",
	year = "2009"
}

@inproceedings{Preciado08_UWE_RUX,
	acmid = "1441563",
	address = "Washington, DC, USA",
	annote = "L'utilisation de UWE + RUX devrait permettre de d{\'e}velopper tout une RIA (m{\^e}me la logique m{\'e}tier). \# UWE Concepts de contenu, navigation, logique m{\'e}tier et pr{\'e}sentation. Modeling language extends UML, mapped to a UML profile. Transformations written in QVT (or ATL) 1. Requirements model (use cases) - Repr{\'e}sente les points d'entr{\'e}e du programme 2. Content model (diagramme de classes) - Mod{\`e}le de donn{\'e}es du m{\'e}tier 3. Navigation model - S'exprime en termes de n{\oe}uds (types GET ou PUT/POST) et liens, annot{\'e}s (st{\'e}r{\'e}otypes) sur certaines classes du content model - Chaque n{\oe}ud de type PUT/POST est affin{\'e} {\`a} l'aide d'un diagramme de classes repr{\'e}sentant la structure du processus m{\'e}tier et d'un diagramme d'activit{\'e} repr{\'e}sentant le flot de contr{\^o}le du processus 4. Presentation model - Mod{\`e}le composite de widgets \# RUX Permet de designer des interfaces utilisateur par affinement d'une UI "< web 1.0 "> vers une UI "< 
web 2.0 "> 1. Abstract interface - S'abstrait du terminal et des particularit{\'e}s spatiales 2. Concerte interface - Regroupe un ensemble de types de terminaux - Indique comment agencer les composants dans l'espace et le temps (animations) - Permet de d{\'e}finir comment l'utilisateur interagit avec les composants (avec quelle expressivit{\'e} ?) 3. Final interface - Transformation en code (genre vers Flex ou Laszlo) Les auteurs branchent RUX sur UWE en {\'e}crivant une transfo du m{\'e}tamod{\`e}le de pr{\'e}sentation de UWE vers un m{\'e}tamod{\`e}le JSP (qui sera utilis{\'e} comme base par RUX). Au final, difficile de se rendre compte de l'applicabilit{\'e} du syst{\`e}me. Et, comme toujours, j'ai tendance {\`a} {\^e}tre dubitatif devant les approches g{\'e}n{\'e}ratives top-down : l'expressivit{\'e} des langages fournis pour d{\'e}crire les applications est forc{\'e}ment trop r{\'e}duit par rapport {\`a} un Scala. Je pense qu'il est plus rentable d'ajouter {\`a} Scala des abstractions pour exprimer les 
concepts tr{\`e}s haut niveau et sp{\'e}cifiques {\`a} l'ing{\'e}nierie des RIAs. Comme \c{c}a on garde l'expressivit{\'e} de Scala mais on gagne quand m{\^e}me en abstraction{\ldots}",
	author = "Preciado, Juan Carlos and Linaje, Marino and Morales-Chaparro, Rober and Sanchez-Figueroa, Fernando and Zhang, Gefei and Kroi{\$\beta\$}, Christian and Koch, Nora",
	bdsk-url-1 = "http://dx.doi.org/10.1109/ICWE.2008.26",
	booktitle = "{Proceedings of the 2008 Eighth International Conference on Web Engineering}",
	date-added = "2012-01-16 09:48:26 +0100",
	date-modified = "2012-01-16 09:54:06 +0100",
	doi = "10.1109/ICWE.2008.26",
	isbn = "978-0-7695-3261-5",
	numpages = "7",
	pages = "148--154",
	publisher = "IEEE Computer Society",
	series = "{ICWE '08}",
	title = "{Designing Rich Internet Applications Combining UWE and RUX-Method}",
	url = "http://dx.doi.org/10.1109/ICWE.2008.26",
	year = "2008"
}

@article{Fielding02_REST,
	acmid = "514185",
	address = "New York, NY, USA",
	author = "Fielding, Roy T. and Taylor, Richard N.",
	bdsk-url-1 = "http://doi.acm.org/10.1145/514183.514185",
	date-added = "2012-01-10 14:47:05 +0100",
	date-modified = "2012-01-10 14:47:16 +0100",
	doi = "10.1145/514183.514185",
	issn = "1533-5399",
	issue = "2",
	journal = "ACM Trans. Internet Technol.",
	keywords = "Network-based applications; REST; World Wide Web",
	month = "May",
	numpages = "36",
	pages = "115--150",
	publisher = "ACM",
	title = "{Principled design of the modern Web architecture}",
	url = "http://doi.acm.org/10.1145/514183.514185",
	volume = "2",
	year = "2002"
}

@inproceedings{Perez08_OrchestrationModel,
	acmid = "1441551",
	address = "Washington, DC, USA",
	author = "P{\'e}rez, Sandy and D{\'i}az, Oscar and Meli{\'a}, Santiago and G{\'o}mez, Jaime",
	bdsk-url-1 = "http://dx.doi.org/10.1109/ICWE.2008.12",
	booktitle = "{Proceedings of the 2008 Eighth International Conference on Web Engineering}",
	date-added = "2012-01-02 10:18:08 +0100",
	date-modified = "2012-01-02 10:18:42 +0100",
	doi = "10.1109/ICWE.2008.12",
	isbn = "978-0-7695-3261-5",
	keywords = "rich internet applications; RIA; orchestration model; orchestration; model-driven development; MDD; interaction",
	numpages = "14",
	pages = "24--37",
	publisher = "IEEE Computer Society",
	series = "{ICWE '08}",
	title = "{Facing Interaction-Rich RIAs: The Orchestration Model}",
	url = "http://dx.doi.org/10.1109/ICWE.2008.12",
	year = "2008"
}

@techreport{Maier10_DeprecatingObserver,
	abstract = "Programming interactive systems by means of the observer pattern is hard and error-prone yet is still the implementation standard in many production environments. We present an approach to gradually deprecate observers in favor of reactive programming abstractions. Several library layers help programmers to smoothly migrate existing code from callbacks to a more declarative programming model. Our central high-level API layer embeds an extensible higher-order data-flow DSL into our host language. This embedding is enabled by a continuation passing style transformation.",
	affiliation = "EPFL",
	annote = "Tr{\`e}s int{\'e}ressant. Propose de faire du FRP en Scala pour {\'e}crire les handlers d'{\'e}v{\`e}nements autrement que par callbacks avec side-effects. Un peu compliqu{\'e}.",
	author = "Maier, Ingo and Rompf, Tiark and Odersky, Martin",
	date-added = "2011-12-27 16:48:52 +0100",
	date-modified = "2011-12-28 09:19:58 +0100",
	details = "http://infoscience.epfl.ch/record/148043",
	documenturl = "http://infoscience.epfl.ch/record/148043/files/DeprecatingObserversTR2010.pdf",
	keywords = "data-flow language; reactive programming; user interface programming; Scala",
	oai-id = "oai:infoscience.epfl.ch:148043",
	oai-set = "fulltext-public",
	pagecount = "18",
	status = "PUBLISHED",
	title = "{Deprecating the {O}bserver {P}attern}",
	unit = "LAMP",
	year = 2010
}

@inproceedings{cicchetti09_beContent,
	annote = "Euh, rien d'int{\'e}ressant, tout au plus un CMS.",
	author = "Cicchetti, Antonio and Ruscio, Davide Di and Eramo, Romina and Maccarrone, Francesco and Pierantonio, Alfonso",
	booktitle = "{ICWE'09}",
	date-added = "2011-12-20 11:17:05 +0100",
	date-modified = "2011-12-20 11:17:21 +0100",
	pages = "518--522",
	title = "{beContent: A Model-Driven Platform for Designing and Maintaining Web Applications.}",
	year = "2009"
}

@techreport{Busch09_StateOfArtRIA,
	annote = "Pas de discussion sur les forces et faiblesses des diff{\'e}rentes m{\'e}thodes d'ing{\'e}nierie de RIA, juste un recensement et une cat{\'e}gorisation des m{\'e}thodes existantes. La conclusion reste qu'il faut am{\'e}liorer les m{\'e}thodes existantes",
	author = "{Marianne Busch}, Nora Koch",
	date-added = "2011-12-20 10:46:32 +0100",
	date-modified = "2011-12-20 10:49:03 +0100",
	institution = "Ludwig-Maximilians-Universit{\"a}t M{\"u}nchen",
	number = "0902",
	title = "{Rich Internet Applications. State-of-the-Art.}",
	year = "2009"
}

@proceedings{DBLP:conf/wse/2005,
	bibsource = "DBLP, http://dblp.uni-trier.de",
	booktitle = "{WSE}",
	date-added = "2011-12-19 15:25:58 +0100",
	date-modified = "2011-12-19 15:25:58 +0100",
	isbn = "0-7695-2470-2",
	publisher = "IEEE Computer Society",
	title = "{Seventh IEEE International Workshop on Web Site Evolution (WSE 2005), 26 September 2005, Budapest, Hungary}",
	year = "2005"
}

@inproceedings{MoralesChaparro07_MVC,
	annote = {Se plaignent d'un manque de lit{\'e}rature sur les designs patterns pour RIA Ils pr{\'e}sentent diff{\'e}rentes variantes de mod{\`e}les d'architectures inspir{\'e}s de MVC : - MVC Server : pas de JavaScript - MVC hybride : pas de mod{\`e}le c{\^o}t{\'e} client, le contr{\^o}leur client forwarde au contr{\^o}leur serveur - MVC hybride 2 : mod{\`e}le c{\^o}t{\'e} client, qui forwarde au contr{\^o}leur c{\^o}t{\'e} serveur - MVC RIA : MVC client, le serveur est juste un Web service avec lequel le mod{\`e}le client communique Finalement, le papier termine en pr{\'e}cisant les d{\'e}tails suivant sur le mod{\`e}le MVC RIA : - le mod{\`e}le serveur est d{\'e}coup{\'e} en couches persistante et non persistante - idem pour le mod{\`e}le client - le contr{\^o}leur (client, donc) est divis{\'e} en deux couches : "active" et "passive", la premi{\`e}re g{\'e}rant les actions de l'utilisateur et la seconde des actions pr{\'e}d{\'e}finies (genre auto-save time triggered) D'apr{\`e}s eux, c'est le mod{\`e}le 
ultime, qui, malgr{\'e} une certaine complexit{\'e}, apporterait les avantages suivants : - maintenance facilit{\'e}e - meilleure s{\'e}paration of concerns donc plus grande part de reusable code - "< the separation of tasks facilitates development efforts "> Au final, papier tr{\`e}s faible par la qualit{\'e} des discussions, cependant les variantes MVC propos{\'e}es sont int{\'e}ressantes, m{\^e}me si je continue de penser que PAC est plus pratique encore (parce qu'il permet une s{\'e}paration des pr{\'e}occupations encore meilleure et qu'il permet de se brancher sur des Web services ou des MVC serveur de fa\c{c}on transparente). Sujet non explor{\'e} par le papier : le couplage ou non de la partie View avec le markup.},
	author = "et. al., Rober Morales-Chaparro",
	booktitle = "{Jornadas de Ingenier del Software y Bases de Datos}",
	date-added = "2011-12-19 13:48:07 +0100",
	date-modified = "2011-12-19 14:34:12 +0100",
	number = "1",
	title = "{MVC web design patterns and rich internet applications}",
	volume = "1",
	year = "2007"
}

@inproceedings{Echeverria09_RIA,
	annote = "Raconte comment les RIA ne sont pas que des jolies pages Web. Les probl{\`e}mes {\`a} r{\'e}soudre sont : - R{\'e}partition des donn{\'e}es (par leur nature distribu{\'e}e, la synchro client-serveur ou serveur-client comporte une certaine complexit{\'e}, notamment la synchro client-serveur, qui n{\'e}cessite de d{\'e}terminer une politique de r{\'e}solution des conflits) - R{\'e}partition de la logique m{\'e}tier. La n{\'e}cessit{\'e} d'adaptabilit{\'e} est formul{\'e}e.",
	author = "Rodr{\'i}guez-Echeverr{\'i}a, Roberto",
	booktitle = "{Proceedings of the Doctolral Consortium of the International Conference on Web Engineering}",
	date-added = "2011-12-19 11:08:11 +0100",
	date-modified = "2011-12-19 13:53:44 +0100",
	number = "9",
	publisher = "CEUR-WS.org",
	title = "{RIA: more than a Nice Face}",
	volume = "484",
	year = "2009"
}

@techreport{Mikkonen07_RealJs,
	address = "Mountain View, CA, USA",
	annote = "Les auteurs passent l'essentiel de leur article {\`a} d{\'e}plorer les probl{\`e}mes de JavaScript (et ses qualit{\'e}s), mais aboutissent quand m{\^e}me {\`a} la conclusion que c'est un langage tout {\`a} fait appropri{\'e} pour le d{\'e}veloppement de logiciels complexes{\ldots} Je ne comprends pas trop comment, mais j'ai l'habitude de ce manque d'objectivit{\'e} chez ces auteurs.",
	author = "Mikkonen, Tommi and Taivalsaari, Antero",
	date-added = "2011-12-15 16:54:29 +0100",
	date-modified = "2011-12-15 16:55:26 +0100",
	publisher = "Sun Microsystems, Inc.",
	source = "SMLI TR-2007-168",
	title = "{Using JavaScript as a real programming language}",
	year = "2007"
}

@book{Kappel06_WebEngineering,
	author = "et. al., G. Kappel",
	date-added = "2011-12-12 17:56:12 +0100",
	date-modified = "2011-12-12 17:57:28 +0100",
	publisher = "John Wiley and sons",
	title = "{Web Engineering: The Discipline of Systematic Development of Web Applications}",
	year = "2006"
}

@inbook{Capilla05_WebPL,
	author = "et. al., Capilla Rafael",
	chapter = "Evolution and Maintenance of Web Sites: A Product Line Model",
	date-added = "2011-12-12 13:55:07 +0100",
	date-modified = "2011-12-12 13:59:35 +0100",
	editor = "Khan, Khaler",
	pages = "255--271",
	publisher = "IGI Global",
	title = "{Managing Corporate Information Systems Evolution and Maintenance}",
	year = "2005"
}

@article{Reifer00_WebT2M,
	author = "Reifer, D.J.",
	bdsk-url-1 = "http://dx.doi.org/10.1109/52.895169",
	date-added = "2011-12-07 15:17:22 +0100",
	date-modified = "2011-12-07 15:17:22 +0100",
	doi = "10.1109/52.895169",
	issn = "0740-7459",
	journal = "Software, IEEE",
	keywords = "Cocomo II model; Web Objects; Web based software development effort; Web development; WebMo; estimation tools; quick-to-market development efforts; quick-to-market software estimation; sizing metric; distributed programming; electronic commerce; information resources; project management; software cost estimation; software metrics",
	month = "nov/dec",
	number = "6",
	pages = "57--64",
	title = "{Web development: estimating quick-to-market software}",
	volume = "17",
	year = "2000"
}

@inproceedings{Capilla03_WebProductLines,
	author = "Capilla, R. and Duenas, J.C.",
	bdsk-url-1 = "http://dx.doi.org/10.1109/CSMR.2003.1192410",
	booktitle = "{Software Maintenance and Reengineering, 2003. Proceedings. Seventh European Conference on}",
	date-added = "2011-12-07 15:16:11 +0100",
	date-modified = "2011-12-07 15:16:11 +0100",
	doi = "10.1109/CSMR.2003.1192410",
	issn = "1534-5351",
	keywords = "Web site maintenance; customer requirements; light-weight product-lines; software companies; software engineering; software maintenance; software products; software reengineering; time to market; Web sites; software architecture; software maintenance; systems re-engineering",
	month = "march",
	pages = "53--62",
	title = "{Light-weight product-lines for evolution and maintenance of Web sites}",
	year = "2003"
}

@article{Kienle10_SeriousJs,
	annote = "Article assez superficiel. La conclusion est que : - JavaScript est omnipr{\'e}sent ; - d'apr{\`e}s les mecs qui ont fait Lively Kernel c'est un langage tr{\`e}s expressif ; - c'est tout.",
	author = "Kienle, H.M.",
	bdsk-url-1 = "http://dx.doi.org/10.1109/MS.2010.76",
	date-added = "2011-12-07 15:14:12 +0100",
	date-modified = "2011-12-12 13:15:48 +0100",
	doi = "10.1109/MS.2010.76",
	issn = "0740-7459",
	journal = "Software, IEEE",
	keywords = "JavaScript; Unix; Visual Basic; Web apps; component-based programming; programming languages; scripting languages; Unix; authoring languages; object-oriented programming",
	month = "may-june",
	number = "3",
	pages = "60--62",
	title = "{It's About Time to Take JavaScript (More) Seriously}",
	volume = "27",
	year = "2010"
}

@article{Kereki09_GWT,
	acmid = "1514258",
	address = "Houston, TX",
	articleno = "2",
	author = "Kereki, Federico",
	bdsk-url-1 = "http://dl.acm.org/citation.cfm?id=1514256.1514258",
	date-added = "2011-12-07 15:12:57 +0100",
	date-modified = "2011-12-07 15:12:57 +0100",
	issn = "1075-3583",
	issue_date = "February 2009",
	journal = "Linux J.",
	month = feb,
	number = "178",
	publisher = "Belltown Media",
	title = "{Web 2.0 development with the Google web toolkit}",
	url = "http://dl.acm.org/citation.cfm?id=1514256.1514258",
	volume = "2009",
	year = "2009"
}

@inproceedings{Melia08_GWTMDE,
	author = "Melia, S. and Gomez, J. and Perez, S. and Diaz, O.",
	bdsk-url-1 = "http://dx.doi.org/10.1109/ICWE.2008.36",
	booktitle = "{Web Engineering, 2008. ICWE '08. Eighth International Conference on}",
	date-added = "2011-12-07 15:11:36 +0100",
	date-modified = "2011-12-07 15:11:36 +0100",
	doi = "10.1109/ICWE.2008.36",
	keywords = "Google Web toolkit; OOH4RIA approach; desktop applications; graphical components; model-driven development; rich Internet applications; Internet",
	month = "july",
	pages = "13--23",
	title = "{A Model-Driven Development for GWT-Based Rich Internet Applications with OOH4RIA}",
	year = "2008"
}

@incollection{Kuuskeri10_RESTCodePartitioning,
	affiliation = "Department of Software Systems, Tampere University of Technology, P.O. Box 553, FI-33101 Tampere, Finland",
	annote = "Parcours rapide du papier parce que je le trouve tr{\`e}s mauvais. Les auteurs pr{\'e}sentent un mod{\`e}le de programmation d'appli "< sur une page "> tout en parlant des b{\'e}n{\'e}fices des principes REST. Ils codent en Js server side pour {\'e}viter la duplication. Personnellement je suis attach{\'e} aux principes REST et {\`a} l'utilisation de langages statiquement typ{\'e}s, donc je pense qu'il faut faire tout l'inverse que ce qu'ils ont fait : tout coder en Scala plut{\^o}t qu'en JavaScript, et permettre de sortir du cadre des applis sur une page{\ldots}",
	author = "Kuuskeri, Janne and Mikkonen, Tommi",
	bdsk-url-1 = "http://dx.doi.org/10.1007/978-3-642-16985-4\_22",
	booktitle = "{Current Trends in Web Engineering}",
	date-added = "2011-12-07 15:10:26 +0100",
	date-modified = "2011-12-07 19:45:07 +0100",
	editor = "Daniel, Florian and Facca, Federico",
	isbn = "978-3-642-16984-7",
	keyword = "Computer Science",
	note = "10.1007/978-3-642-16985-4\_22",
	pages = "244--255",
	publisher = "Springer Berlin / Heidelberg",
	series = "{Lecture Notes in Computer Science}",
	title = "{REST Inspired Code Partitioning with a JavaScript Middleware}",
	url = "http://dx.doi.org/10.1007/978-3-642-16985-4_22",
	volume = "6385",
	year = "2010"
}

@inproceedings{Mikkonen10_Mashwares,
	acmid = "1882413",
	address = "New York, NY, USA",
	annote = "Pour eux le futur c'est les mashwares : assemblage de web services. Mais les m{\'e}thodes d'ing{\'e}nierie actuelles ne seraient pas adapt{\'e}es {\`a} cette transition.",
	author = "Mikkonen, Tommi and Taivalsaari, Antero",
	bdsk-url-1 = "http://doi.acm.org/10.1145/1882362.1882413",
	booktitle = "{Proceedings of the FSE/SDP workshop on Future of software engineering research}",
	date-added = "2011-12-07 15:08:29 +0100",
	date-modified = "2011-12-12 17:58:19 +0100",
	doi = "10.1145/1882362.1882413",
	isbn = "978-1-4503-0427-6",
	keywords = "mashups; mashware; software engineering; web engineering",
	location = "Santa Fe, New Mexico, USA",
	numpages = "6",
	pages = "245--250",
	publisher = "ACM",
	series = "{FoSER '10}",
	title = "{The mashware challenge: bridging the gap between web development and software engineering}",
	url = "http://doi.acm.org/10.1145/1882362.1882413",
	year = "2010"
}

@inproceedings{Turto08_WebProgrammingLanguage,
	annote = "Faudra peut-{\^e}tre que je relise ce papier mais pour l'instant je n'ai pas compris {\`a} quoi il sert",
	author = "Turto, T.",
	bdsk-url-1 = "http://dx.doi.org/10.1109/SEAA.2008.15",
	booktitle = "{Software Engineering and Advanced Applications, 2008. SEAA '08. 34th Euromicro Conference}",
	date-added = "2011-12-07 14:30:39 +0100",
	date-modified = "2011-12-16 11:08:59 +0100",
	doi = "10.1109/SEAA.2008.15",
	issn = "1089-6503",
	keywords = "Web programming language; Web services; XML processing; distributed programs; Web services; XML; programming languages",
	month = "sept.",
	pages = "310--317",
	title = "{Building Blocks for a Web Programming Language}",
	year = "2008"
}

@inproceedings{Taivalsaari08_WebBrowserPlatform,
	annote = "Ils nous racontent juste leur vie et leur exp{\'e}rience sur le d{\'e}veloppement de Lively Kernel. Ils veulent que le Web soit la plate-forme de choix pour le d{\'e}veloppement d'applications et relatent les petits soucis (techniques) qui restent {\`a} r{\'e}gler pour que le dev d'applis puisse s'industrialiser sur cette plate-forme.",
	author = "Taivalsaari, A. and Mikkonen, T. and Ingalls, D. and Palacz, K.",
	bdsk-url-1 = "http://dx.doi.org/10.1109/SEAA.2008.17",
	booktitle = "{Software Engineering and Advanced Applications, 2008. SEAA '08. 34th Euromicro Conference}",
	date-added = "2011-12-07 14:27:32 +0100",
	date-modified = "2011-12-15 16:17:44 +0100",
	doi = "10.1109/SEAA.2008.17",
	issn = "1089-6503",
	keywords = "Web browser; World Wide Web; desktop-style application; interactive Web programming environment; software application; Internet; interactive systems; online front-ends; programming environments",
	month = "sept.",
	pages = "293--302",
	title = "{Web Browser as an Application Platform}",
	year = "2008"
}

@article{Richards10_DynamicJs,
	acmid = "1806598",
	address = "New York, NY, USA",
	annote = "Faudrait relire plus attentivement, mais la conclusion est qu'il est difficile d'{\'e}crire des outils d'analyse statique de code JavaScript {\`a} cause de son dynamisme.",
	author = "Richards, Gregor and Lebresne, Sylvain and Burg, Brian and Vitek, Jan",
	bdsk-url-1 = "http://doi.acm.org/10.1145/1809028.1806598",
	date-added = "2011-12-07 14:05:55 +0100",
	date-modified = "2011-12-07 19:30:18 +0100",
	doi = "10.1145/1809028.1806598",
	issn = "0362-1340",
	journal = "SIGPLAN Not.",
	keywords = "dynamic behavior; dynamic metrics; execution tracing; javascript; program analysis",
	month = "June",
	number = "6",
	numpages = "12",
	pages = "1--12",
	publisher = "ACM",
	title = "{An analysis of the dynamic behavior of JavaScript programs}",
	url = "http://doi.acm.org/10.1145/1809028.1806598",
	volume = "45",
	year = "2010"
}

@inproceedings{Mikkonen08_SpaghettiJs,
	acmid = "1444030",
	address = "Washington, DC, USA",
	annote = "``applications are increasingly written for the web rather than for any specific type of operating system'' ``In this paper, we investigate web application development from the viewpoint of software engineering principles such as modularity, consistency, simplicity, reusability and portability'' Affirme que les outils de d{\'e}veloppement d'applis Web ne permettent pas d'appliquer facilement les bonnes pratiques du g{\'e}nie logiciel. Cependant, la mise en perspective point par point du dev de web app et des bonnes pratiques de g{\'e}nie logiciel est souvent tr{\`e}s mauvaise. Les auteurs estiment par exemple que l'utilisation de langages d{\'e}di{\'e}s (CSS, HTML) pour g{\'e}rer les diff{\'e}rentes pr{\'e}occupations de l'appli (pr{\'e}sentation, contenu) va {\`a} \_ l'encontre de l'id{\'e}e de s{\'e}paration des pr{\'e}occupations. Sinon, point int{\'e}ressant: les composants d'une appli web n'ont pas de moyen d'exposer une API. Au final, la bonne id{\'e}e {\`a} retenir c'est qu'autant {\'e}
crire des pages web de type documentaire peut se faire sans m{\'e}thode d'ing{\'e}nierie logicielle, autant pour {\'e}crire une vraie appli il faut plus de m{\'e}thode.",
	author = "Mikkonen, Tommi and Taivalsaari, Antero",
	bdsk-url-1 = "http://dl.acm.org/citation.cfm?id=1443226.1444030",
	bdsk-url-2 = "http://dx.doi.org/10.1109/SERA.2008.16",
	booktitle = "{Proceedings of the 2008 Sixth International Conference on Software Engineering Research, Management and Applications}",
	date-added = "2011-12-01 14:35:50 +0100",
	date-modified = "2011-12-01 18:05:37 +0100",
	doi = "10.1109/SERA.2008.16",
	isbn = "978-0-7695-3302-5",
	keywords = "Web applications; software engineering for the web",
	numpages = "10",
	pages = "319--328",
	publisher = "IEEE Computer Society",
	title = "{Web Applications - Spaghetti Code for the 21st Century}",
	url = "http://dl.acm.org/citation.cfm?id=1443226.1444030",
	year = "2008"
}

@inproceedings{Kuuskeri09_PartitioningClientServer,
	acmid = "1529416",
	address = "New York, NY, USA",
	annote = "Affirme que le d{\'e}veloppement de RIA est trop p{\'e}nible et doit {\^e}tre simplifi{\'e}. Leur appr{\'e}ciation est qu'une appli web complexe (avec une UX riche) doit r{\'e}pondre au maximum aux actions de l'utilisateur depuis le code client. Ils consid{\`e}rent qu'en plus de rendre l'UI more responsive, cela "< makes the development much more straightforward "> ({\`a} condition d'utiliser le m{\^e}me langage client-side et server-side). Ils ne proposent pas d'utiliser JS pour {\'e}crire le serveur Web, mais seulement pour {\'e}crire les parties Controller et Model du code server-side. S'en suivent beaucoup d'affirmations tr{\`e}s subjectives comme "< by extending the use of JavaScript to the server makes the development experience more natural ">. Au final ils mettent en avant un mod{\`e}le d'appli web {\`a} page unique ne contenant que quelques scripts qui bootstrapent l'application (donc un mod{\`e}le d'appli non crawlable et non bookmarkable ({\`a} moins de faire l'effort suppl{\'e}mentaire 
de palier ces pb en utilisant un Router de Backbone et en impl{\'e}mentant la navigation hashbang pr{\'e}conis{\'e}e par Google)). Responsabilit{\'e}s g{\'e}r{\'e}es par le serveur: - persistance ; - shared data ; - scheduled tasks. Ils pr{\'e}sentent aussi quelques framework JS: - Helma: permet de coder en JS server-side - DWR: g{\'e}n{\`e}re des proxies JS pour faire des appels AJAX sur un serveur, d'apr{\`e}s un mapping XML - Jaxer: permet au serveur de manipuler le DOM",
	author = "Kuuskeri, Janne and Mikkonen, Tommi",
	bdsk-url-1 = "http://doi.acm.org/10.1145/1529282.1529416",
	booktitle = "{Proceedings of the 2009 ACM symposium on Applied Computing}",
	date-added = "2011-12-01 13:24:37 +0100",
	date-modified = "2011-12-01 14:41:40 +0100",
	doi = "10.1145/1529282.1529416",
	isbn = "978-1-60558-166-8",
	keywords = "AJAX; JavaScript; lively kernel; web application",
	localfile = "Kuuskeri09_PartClientServer.pdf",
	location = "Honolulu, Hawaii",
	numpages = "6",
	pages = "647--652",
	publisher = "ACM",
	series = "{SAC '09}",
	title = "{Partitioning web applications between the server and the client}",
	url = "http://doi.acm.org/10.1145/1529282.1529416",
	year = "2009"
}

@techreport{Taivalsaari09_Mashwares,
	abstract = "The massive popularity of the World Wide Web is turning the web browser from a document viewing tool into a general-purpose host platform for various types of services, including desktop-style web applications. Web applications require no installation or manual upgrades, and they can be deployed instantly worldwide.This instant worldwide deployment aspect is incredibly powerful, and will dramatically change the way people develop and use software, allowing worldwide application development and instant deployment without middlemen or distributors. In this paper we present our vision for the future of web applications. A key observation in the paper is that web applications do not have to live by the same constraints that characterized the evolution of conventional desktop applications.The ability to instantly publish software worldwide, and the ability to dynamically combine code and content available from countless web sites and developers all over the planet will open up entirely new 
possibilities for software development. We believe that this will lead to a new software development approach that can be referred to as mashware, or software as a mashup. In this paper we provide an introduction to mashware, analyze the emerging mashup development technologies, as well as discuss the technical challenges and obstacles that still remain",
	annote = "Raconte comment les applis Web (par opposition aux applis desktop) deviennent de plus en plus nombreuses gr{\^a}ce {\`a} leurs avantages (pas d'installation, d{\'e}ploiement mondial instantan{\'e}). {\`A} long terme, la majorit{\'e} des applis seront des applis Web. Explique l'{\'e}volution des pages web vers les applis web. "< simple textual documents "> -> "< interactive web pages "> -> RIA -> Mashware (serait le futur) Web 2.0 combine two important features: *collaboration* and *interaction* Probl{\`e}mes {\`a} r{\'e}soudre: - Manque d'interfaces claires d{\'e}finissant les types de contenus fournis par les sites (mais je me dis qu'en parsant des microformats on peut peut-{\^e}tre faire quelque chose{\ldots} ?) - Absence d'un mod{\`e}le de s{\'e}curit{\'e} fine grained. Voir des pbs de same origin policy que je n'ai pas trop compris. Id{\'e}es de solutions propos{\'e}es dans le papier: - Un syst{\`e}me {\`a} la WSDL documentant les types de donn{\'e}es et API des web services - Un meilleur mod{\
`e}le de s{\'e}curit{\'e} pour les browsers",
	author = "Taivalsaari, A.",
	date-added = "2011-12-01 12:26:27 +0100",
	date-modified = "2011-12-01 12:29:17 +0100",
	institution = "Sun Microsystems Labortories",
	title = "{Mashware: The Future of Web Applications}",
	year = "2009"
}

@techreport{Taivalsaari09_JsConcat,
	annote = "Propose de cr{\'e}er les objets par clonage + diff{\'e}renciation: var Turtle = { forward: function (distance) { {\ldots} }, turn: function (alpha) { {\ldots} } }; var turtle = Object.create(Turtle); // Ou plut{\^o}t : var turtle = Turtle.create({x: 0, y: 0}); var SuperTurtle = Turtle.extend({ forward: function (distance) { {\ldots} } run: function () { {\ldots} } }); // Inconv{\'e}nient: pas de possibilit{\'e} de r{\'e}f{\'e}rencer l'impl{\'e}mentation parente d'une m{\'e}thode ?",
	author = "Taivalsaari, A.",
	date-added = "2011-12-01 12:09:59 +0100",
	date-modified = "2011-12-01 12:13:50 +0100",
	institution = "Tampere University of Technology, Department of Software Systems",
	title = "{Simplifying JavaScript with Concatenation-Based Prototype Inheritance}",
	year = "2009"
}

@inproceedings{Coutaz87_PAC,
	author = "Coutaz, Jo{\"e}lle",
	bdsk-url-1 = "http://iihm.imag.fr/publs/1987/Interact87.PAC.pdf",
	booktitle = "{Interact'87}",
	date-added = "2011-11-12 23:21:14 +0100",
	date-modified = "2011-11-12 23:21:14 +0100",
	note = "6 pages.",
	pdf = "http://iihm.imag.fr/publs/1987/Interact87.PAC.pdf",
	title = "{{PAC}, on Object Oriented Model for Dialog Design}",
	type_publi = "icolcomlec",
	uri = "http://iihm.imag.fr/publication/C87a/",
	x-editorial-board = "yes",
	x-international-audience = "yes",
	x-invited-conference = "no",
	x-proceedings = "yes",
	x-scientific-popularization = "no",
	year = "1987"
}

@inproceedings{Duval11_PAC3D,
	abstract = "{We propose PAC-C3D as a new software model for 3D Collaborative Virtual Environments (CVE). This model merges the results from two research fields: distribution models for CVE and HCI design for computer-supported cooperative work. PAC-C3D proposes to describe each part of a shared virtual object through explicit interfaces to ensure a strong separation between the core functions of a virtual environment, its (visual) representations, and its collaborative features such as synchronization and consistency maintenance between remote users. PAC-C3D makes it possible to design a CVE with low dependency between the core functions, the distribution mode and the 3D graphics API used. It explicitly deals with the main distribution modes encountered in CVE. It makes it easy to use different 3D graphics API for different nodes involved in the same collaborative session, providing interoperability between these 3D graphics API. It also makes it possible to integrate other kinds of 3D representations such 
as physics engines into the CVE}",
	address = "Osaka, Japon",
	affiliation = "VR4I - INRIA - IRISA - INRIA - {\'E}cole normale sup{\'e}rieure de Cachan - ENS Cachan - Institut National des Sciences Appliqu{\'e}es de Rennes - Universit{\'e} de Rennes I",
	annote = "Key paper on the possible variations of the PAC architecture pattern to achieve collaborative and data-consistency concerns. Describe the 3 flavours of PAC: --- Duplicated: Abstractions on each user node (no need of a server) --- Centralized: Abstraction only on the server --- Hybrid: Abstraction on one user node (no need of a server)",
	audience = "internationale",
	author = "Duval, Thierry and Fleury, C{\'e}dric",
	bdsk-url-1 = "http://hal.inria.fr/inria-00636143/en/",
	booktitle = "{ICAT 2011}",
	date-added = "2011-11-03 18:04:03 +0100",
	date-modified = "2011-11-12 16:00:55 +0100",
	hal_id = "inria-00636143",
	keywords = "Software Architectural Models; Virtual Reality",
	language = "Anglais",
	month = nov,
	organization = "VRSJ",
	title = "{PAC-C3D: A New Software Architectural Model for Designing 3D Collaborative Virtual Environments}",
	url = "http://hal.inria.fr/inria-00636143/en",
	year = "2011"
}

@inproceedings{Fleury10_DataConsistency,
	annote = "Useful thougths on data consistency across users in a collaborative environment. The replicative architecture (which is used in dream.js) is blamed because replication may lead to inconsistencies due to latency, eg if two users attempt to modify an object at the same time (then we need to use an additional mechanism to resolve conflicts), and finally its unappropriate for large data (because of the cost of the data replication). In our case (dream.js), these arguments don't apply: --- we don't send large data ; --- we still have a server (their CVE architectures may be P2P, but that's not our cas, at least for now) to ensure consistency and solve modifications conflicts.",
	author = "Fleury, C{\'e}dric and Duval, Thierry and Gouranton, Val{\'e}rie and Arnaldi, Bruno",
	booktitle = "{JVRC 2010 (2010 Joint Virtual Reality Conference of EuroVR - EGVE - VEC)}",
	date-added = "2011-11-03 18:01:27 +0100",
	date-modified = "2011-11-12 16:15:33 +0100",
	location = "Fellbach, Germany",
	month = "October",
	publisher = "Eurographics",
	title = "{A New Adaptive Data Distribution Model for Consistency Maintenance in Collaborative Virtual Environments}",
	year = "2010"
}

@inproceedings{hofer2008polymorphic,
	author = "Hofer, C. and Ostermann, K. and Rendel, T. and Moors, A.",
	bdsk-url-1 = "/home/julien/Publications/todo/PolymorphicEmbeddingOfDSL.pdf",
	booktitle = "{Proceedings of the 7th international conference on Generative programming and component engineering}",
	date-added = "2011-09-29 10:13:47 +0200",
	date-modified = "2011-09-29 10:13:47 +0200",
	organization = "ACM",
	pages = "137--148",
	title = "{Polymorphic embedding of dsls}",
	url = "/home/julien/Publications/todo/PolymorphicEmbeddingOfDSL.pdf",
	year = "2008"
}

@article{sujeeth2011optiml,
	author = "Sujeeth, A.K. and Lee, H.J. and Brown, K.J. and Chafi, H. and Wu, M. and Atreya, A.R. and Olukotun, K. and Rompf, T. and Odersky, M.",
	date-added = "2011-09-29 10:13:44 +0200",
	date-modified = "2011-09-29 10:13:44 +0200",
	title = "{OptiML: An Implicitly Parallel Domain-Specific Language for Machine Learning}",
	year = "2011"
}

@incollection{Jezequel10b,
	abstract = "{I}n many domains such as telecom, aerospace and automotive industries, engineers rely on {D}omain {S}pecific {M}odeling {L}anguages ({DSML}) to solve the complex issues of engineering safety critical software. {T}raditional {L}anguage {E}ngineering starts with the grammar of a language to produce a variety of tools for processing programs expressed in this language. {R}ecently however, many new languages tend to be first defined through metamodels, i.e. models describing their abstract syntax. {R}elying on well tooled standards such as {E}-{MOF}, this approach makes it possible to readily benefit from a set of tools such as reflexive editors, or {XML} serialization of models. {T}his article aims at showing how {M}odel {D}riven {E}ngineering can easily complement these off-the-shelf tools to obtain a complete environment for such a language, including interpreter, compiler, pretty-printer and customizable editors. {W}e illustrate the conceptual simplicity and elegance of this approach using the 
running example of the well known {LOGO} programming language, developed within the {K}ermeta environment.",
	affiliation = "{TRISKELL} - {INRIA} - {IRISA} - {CNRS} : {UMR}6074 - {INRIA} - {I}nstitut {N}ational des {S}ciences {A}ppliqu{\'e}es de {R}ennes - {U}niversit{\'e} de {R}ennes {I} - {SINTEF} - {SINTEF}",
	author = "{J}{\'e}z{\'e}quel, {J}ean-{M}arc and {B}arais, {O}livier and {F}leurey, {F}ranck",
	bdsk-url-1 = "http://hal.archives-ouvertes.fr/inria-00538461/PDF/Jezequel10b.pdf",
	booktitle = "{3rd {S}ummer {S}chool on {G}enerative and {T}ransformational {T}echniques in {S}oftware {E}ngineering}",
	date-added = "2011-09-29 10:13:37 +0200",
	date-modified = "2011-09-29 10:13:37 +0200",
	editor = "{F}ernandes, {J}oao {M}. and {L}ammel, {R}alf and {S}araiva, {J}oao and {V}isser, {J}oost",
	hal_id = "inria-00538461",
	language = "{E}nglish",
	publisher = "{LNCS} 6491, {S}pringer",
	title = "{{M}odel {D}riven {L}anguage {E}ngineering with {K}ermeta}",
	url = "http://hal.archives-ouvertes.fr/inria-00538461/PDF/Jezequel10b.pdf",
	year = "2010"
}

@inproceedings{rompf2010lightweight,
	author = "Rompf, T. and Odersky, M.",
	booktitle = "{Proceedings of the ninth international conference on Generative programming and component engineering}",
	date-added = "2011-09-29 10:13:35 +0200",
	date-modified = "2011-09-29 10:13:35 +0200",
	organization = "ACM",
	pages = "127--136",
	title = "{Lightweight modular staging: a pragmatic approach to runtime code generation and compiled DSLs}",
	year = "2010"
}

@inproceedings{chafi2010language,
	author = "Chafi, H. and DeVito, Z. and Moors, A. and Rompf, T. and Sujeeth, A.K. and Hanrahan, P. and Odersky, M. and Olukotun, K.",
	booktitle = "{Proceedings of the ACM international conference on Object oriented programming systems languages and applications}",
	date-added = "2011-09-29 10:13:32 +0200",
	date-modified = "2011-09-29 10:13:32 +0200",
	organization = "ACM",
	pages = "835--847",
	title = "{Language virtualization for heterogeneous parallel computing}",
	year = "2010"
}

@phdthesis{Dubochet11_DSEL,
	address = "Lausanne",
	affiliation = "EPFL",
	author = "Dubochet, Gilles",
	bdsk-url-1 = "http://library.epfl.ch/theses/?nr=5007;\%20file:///home/julien/Publications/todo/Dubochet11\_ThesisDSEL.pdf",
	bdsk-url-2 = "http://dx.doi.org/10.5075/epfl-thesis-5007",
	date-added = "2011-09-29 10:13:25 +0200",
	date-modified = "2012-10-15 15:36:02 +0200",
	details = "http://infoscience.epfl.ch/record/163536",
	doi = "10.5075/epfl-thesis-5007",
	oai-id = "oai:infoscience.epfl.ch:thesis-5007",
	oai-set = "thesis; DOI",
	publisher = "EPFL",
	status = "SUBMITTED",
	thesis-note = "Th{\`e}se Ecole polytechnique f{\'e}d{\'e}rale de Lausanne EPFL, no 5007 (2011), Programme doctoral Informatique, Communications et Information, Facult{\'e} informatique et communications IC, Institut d'informatique fondamentale IIF (Laboratoire de m{\'e}thodes de programmation 1 LAMP1). Dir.: Martin Odersky",
	title = "{Embedded {D}omain-{S}pecific {L}anguages using {L}ibraries and {D}ynamic {M}etaprogramming}",
	unit = "LAMP",
	url = "http://library.epfl.ch/theses/?nr=5007; /home/julien/Publications/todo/Dubochet11_ThesisDSEL.pdf",
	year = 2011
}

@article{DBLP:journals/jfp/ElliottFM03,
	author = "Elliott, Conal and Finne, Sigbjorn and de Moor, Oege",
	bibsource = "DBLP, http://dblp.uni-trier.de",
	date-added = "2011-09-29 10:13:22 +0200",
	date-modified = "2011-09-29 10:13:22 +0200",
	ee = "http://dx.doi.org/10.1017/S0956796802004574",
	journal = "J. Funct. Program.",
	number = "3",
	pages = "455--481",
	title = "{Compiling embedded languages}",
	volume = "13",
	year = "2003"
}

@article{Hudak96buildingdomain-specific,
	author = "Hudak, Paul",
	bdsk-url-1 = "http://dsel.ps",
	date-added = "2011-09-29 10:13:15 +0200",
	date-modified = "2011-09-29 10:13:15 +0200",
	journal = "ACM Computing Surveys",
	title = "{Building Domain-Specific Embedded Languages}",
	url = "http://dsel.ps",
	volume = "28",
	year = "1996"
}

@inproceedings{King10_Pixaxe,
	acmid = "1863176",
	address = "Berkeley, CA, USA",
	author = "King, Rob",
	bdsk-url-1 = "http://dl.acm.org/citation.cfm?id=1863166.1863176",
	booktitle = "{Proceedings of the 2010 USENIX conference on Web application development}",
	date-added = "2011-09-01 14:53:50 +0200",
	date-modified = "2011-09-01 14:53:50 +0200",
	location = "Boston, MA",
	numpages = "1",
	pages = "10--10",
	publisher = "USENIX Association",
	series = "{WebApps'10}",
	title = "{Pixaxe: a declarative, client-focused web application framework}",
	url = "http://dl.acm.org/citation.cfm?id=1863166.1863176",
	year = "2010"
}

@inproceedings{Zeller10_SVC,
	acmid = "1863174",
	address = "Berkeley, CA, USA",
	annote = "Ils clament que leur solution permet d'{\'e}viter d'avoir {\`a} modifier le code serveur pour g{\'e}rer les appels Ajax et non-Ajax (et surtout {\'e}viter d'avoir {\`a} dupliquer son travail pour {\'e}crire les templates Ajax et non Ajax). Lors d'un appel Ajax, plut{\^o}t que de renvoyer des donn{\'e}es mod{\`e}le, la vue renvoie une description des transformations {\`a} effectuer par le browser sur la page. L'id{\'e}e est que \c{c}a permettrait d'automatiser certaines taches (genre quasiment plus de code Js {\`a} {\'e}crire, le moteur de SVC r{\'e}ceptionne et traite automatiquement les r{\'e}sultats des requ{\^e}tes Ajax) Concr{\`e}tement, le d{\'e}veloppeur d{\'e}crit les endroits o{\`u} peuvent avoir lieu des requ{\^e}tes Ajax via des s{\'e}lecteurs et les transformation de n{\oe}uds associ{\'e}es. Le syst{\`e}me fait du progressive enhancement pour ajaxifier les liens. C{\^o}t{\'e} serveur le d{\'e}veloppeur d{\'e}crit la diff{\'e}rence entre une page et une autre, et, lors d'une requ{\^e}te 
Ajax, le syst{\`e}me renvoie cette description, tandis que lors d'une requ{\^e}te non Ajax, le syst{\`e}me applique la transformation au template de la page de base et renvoie la page r{\'e}sultant de cette transformation. Au final, cette approche semble tr{\`e}s int{\'e}ressante pour faire du progressive enhancement simple car elle permet de factoriser les changements {\`a} r{\'e}aliser pour passer d'un {\'e}tat de page {\`a} un autre (plut{\^o}t que de les r{\'e}p{\'e}ter c{\^o}t{\'e} serveur --- pour la navigation non ajax --- et c{\^o}t{\'e} client --- pour la navigation ajax ---), cependant je pense qu'elle ne serait pas appropri{\'e}e pour g{\'e}rer l'{\'e}volution d'une multitude de composants dans une page (cela dit, dans cette situation l{\`a}, est-ce qu'on a vraiment int{\'e}r{\^e}t {\`a} vouloir garder la compatibilit{\'e} non JavaScrit ?). Et le fait que les transformations sont exprim{\'e}es en termes de s{\'e}lecteurs me semble plut{\^o}t fragile. {\'E}galement, le fait de calculer le rendu de 
la page de base, puis de lui appliquer les transformations (plut{\^o}t que de calculer directement le rendu de la nouvelle page) ajoute un overhead qui me g{\^e}ne un peu. Enfin, exprimer toutes les transformations pour passe d'une page {\`a} une autre peut {\^e}tre tr{\`e}s laborieux dans certains cas.",
	author = "Zeller, William P. and Felten, Edward W.",
	bdsk-url-1 = "http://dl.acm.org/citation.cfm?id=1863166.1863174",
	booktitle = "{Proceedings of the 2010 USENIX conference on Web application development}",
	date-added = "2011-09-01 14:47:37 +0200",
	date-modified = "2011-12-16 12:52:21 +0100",
	location = "Boston, MA",
	numpages = "1",
	pages = "8--8",
	publisher = "USENIX Association",
	series = "{WebApps'10}",
	title = "{SVC: selector-based view composition for web frameworks}",
	url = "http://dl.acm.org/citation.cfm?id=1863166.1863174",
	year = "2010"
}

@inproceedings{Ousterhout10_AjaxComponentsState,
	acmid = "1863173",
	address = "Berkeley, CA, USA",
	annote = "Conclusion: Il vaut mieux g{\'e}rer l'{\'e}tat des composants JS c{\^o}t{\'e} serveur ! Le fait de devoir, pour effectuer une action sur un objet, faire un appel HTTP en fournissant plusieurs param{\`e}tres pour re-situer le contexte (quel sous-objet de quel objet doit {\^e}tre affect{\'e} par l'op{\'e}ration ?) exposerait trop fortement les d{\'e}tails d'impl{\'e}mentation du syst{\`e}me.",
	author = "Ousterhout, John and Stratmann, Eric",
	bdsk-url-1 = "http://dl.acm.org/citation.cfm?id=1863166.1863173",
	booktitle = "{Proceedings of the 2010 USENIX conference on Web application development}",
	date-added = "2011-09-01 14:37:45 +0200",
	date-modified = "2011-09-01 14:47:57 +0200",
	location = "Boston, MA",
	numpages = "1",
	pages = "7--7",
	publisher = "USENIX Association",
	series = "{WebApps'10}",
	title = "{Managing state for Ajax-driven web components}",
	url = "http://dl.acm.org/citation.cfm?id=1863166.1863173",
	year = "2010"
}

@inproceedings{KADRI:2008:LIRMM-00199033:1,
	abstract = "{La couche pr{\'e}sentation des architectures n-tiers a besoin d'{\^e}tre con\c{c}ue avec des modules correctement structur{\'e}s et r{\'e}utilisables. Dans ce article, nous pr{\'e}sentons un mod{\`e}le de composants hi{\'e}rarchiques qui permet aux d{\'e}veloppeurs de mod{\'e}liser, de g{\'e}n{\'e}rer du code et de r{\'e}utiliser ce niveau logiciel des applications Web riches. Dans ce mod{\`e}le, les composants peuvent {\^e}tre inter-connect{\'e}s via leurs interfaces pour construire des composants plus complexes. Ces mod{\`e}les peuvent {\^e}tre r{\'e}utilis{\'e}s avec leur code gr{\^a}ce {\`a} un m{\'e}canisme d'association. Comme nous le montrons dans cet article, ceci est une propri{\'e}t{\'e} int{\'e}ressante pour assister les d{\'e}veloppeurs pour naviguer dans le code source et les mod{\`e}les de leurs applications. Ceci permet par ailleurs de maintenir une coh{\'e}rence entre les artefacts de ces deux {\'e}tapes du processus de d{\'e}veloppement (conception et impl{\'e}mentation).}",
	address = "Montr{\'e}al, Canada",
	affiliation = "Laboratoire de Recherche en Informatique et ses Applications de Vannes et Lorient - VALORIA - Universit{\'e} de Bretagne Sud - Laboratoire d'Informatique de Robotique et de Micro{\'e}lectronique de Montpellier - LIRMM - CNRS : UMR5506 - Universit{\'e} Montpellier II - Sciences et Techniques du Languedoc",
	annote = "R{\'e}sultats semblent int{\'e}ressant mais l'outil n'est pas disponible pour reproduire soi-m{\^e}me. Mod{\'e}lisation graphique de tr{\`e}s haut niveau. Comment est exprim{\'e}e la business logic ?",
	audience = "nationale",
	author = "Kadri, Reda and Tibermacine, Chouki and Fleurquin, R{\'e}gis and Sadou, Salah and Merciol, Fran\c{c}ois",
	bdsk-url-1 = "http://hal-lirmm.ccsd.cnrs.fr/lirmm-00199033/en/",
	bdsk-url-2 = "http://hal-lirmm.ccsd.cnrs.fr/docs/00/19/90/33/PDF/kadri.pdf",
	booktitle = "{CAL'08: 2{\`e}me Conf{\'e}rence Francophone sur les Architectures Logicielles}",
	date-modified = "2011-09-29 10:11:55 +0200",
	hal_id = "lirmm-00199033",
	language = "Fran\c{c}ais",
	month = mar,
	pages = "12",
	pdf = "http://hal-lirmm.ccsd.cnrs.fr/lirmm-00199033/PDF/kadri.pdf",
	publisher = "Editions C{\'e}padu{\`e}s",
	series = "{Revue des Nouvelles Technologies de l'Information (RNTI)}",
	title = "{AlkoWeb: Un outil pour mod{\'e}liser l'architecture des applications Web riches}",
	url = "http://hal-lirmm.ccsd.cnrs.fr/lirmm-00199033/en",
	year = "2008"
}

@incollection{Li09_ScriptInsight,
	affiliation = "University of British Columbia",
	author = "Li, Peng and Wohlstadter, Eric",
	bdsk-url-1 = "http://dx.doi.org/10.1007/978-3-642-02818-2\_21",
	bdsk-url-2 = "http://dx.doi.org/10.1007/978-3-642-02818-2\_21",
	booktitle = "{Web Engineering}",
	editor = "Gaedke, Martin and Grossniklaus, Michael and D{\'i}az, Oscar",
	isbn = "978-3-642-02817-5",
	keyword = "Computer Science",
	localfile = "Li_InSightJavaScript.pdf",
	note = "10.1007/978-3-642-02818-2\_21",
	pages = "260--274",
	publisher = "Springer Berlin / Heidelberg",
	series = "{Lecture Notes in Computer Science}",
	title = "{Script InSight: Using Models to Explore JavaScript Code from the Browser View}",
	url = "http://dx.doi.org/10.1007/978-3-642-02818-2_21",
	volume = "5648",
	year = "2009"
}

@inproceedings{Rossi08_WebRefactorings,
	author = "Rossi, G. and Urbieta, M. and Ginzburg, J. and Distante, D. and Garrido, A.",
	bdsk-url-1 = "http://dx.doi.org/10.1109/ICWE.2008.41",
	booktitle = "{Web Engineering, 2008. ICWE '08. Eighth International Conference on}",
	doi = "10.1109/ICWE.2008.41",
	keywords = "Webfield; desktop interfaces flexibility; evolutionary approach; hypertext paradigm; legacy Web software; model level refactoring; model-driven approach; rich Internet applications; Internet; evolutionary computation; user interfaces",
	localfile = "Rossi08_RefactoringToRIA.pdf",
	month = "july",
	pages = "1--12",
	title = "{Refactoring to Rich Internet Applications. A Model-Driven Approach}",
	year = "2008"
}

@inproceedings{Ginige02_WebComplexity,
	acmid = "568885",
	address = "New York, NY, USA",
	author = "Ginige, Athula",
	bdsk-url-1 = "http://doi.acm.org/10.1145/568760.568885",
	booktitle = "{Proceedings of the 14th international conference on Software engineering and knowledge engineering}",
	doi = "10.1145/568760.568885",
	isbn = "1-58113-556-4",
	keywords = "process model; product model; web engineering; web page construction; web page design; web site construction; web site design; web system design",
	localfile = "Ginige02_ManagingWebComplexity.pdf",
	location = "Ischia, Italy",
	numpages = "9",
	pages = "721--729",
	publisher = "ACM",
	series = "{SEKE '02}",
	title = "{Web engineering: managing the complexity of web systems development}",
	url = "http://doi.acm.org/10.1145/568760.568885",
	year = "2002"
}

@article{Nemedi07_AjaxMistakes,
	author = "Ilie-Nemedi, Iulian",
	journal = "Informatica Economica",
	localfile = "nemedi_AjaxMistakes.pdf",
	number = "2",
	title = "{Ajax Mistakes}",
	volume = "XI",
	year = "2007"
}

@article{Paulson05_Ajax,
	annote = "Rien d'int{\'e}ressant, l'auteur raconte ce que sont les RIA",
	author = "Paulson, L.D.",
	bdsk-url-1 = "http://dx.doi.org/10.1109/MC.2005.330",
	date-modified = "2011-12-16 11:06:03 +0100",
	doi = "10.1109/MC.2005.330",
	issn = "0018-9162",
	journal = "Computer",
	keywords = "Ajax; Asynchronous JavaScript and XML; Web application; dynamic HTML; Internet; Java; XML",
	month = "oct.",
	number = "10",
	pages = "14--17",
	title = "{Building rich web applications with Ajax}",
	volume = "38",
	year = "2005"
}

@article{Smith06_SimplifyingAjax,
	annote = "Rien d'int{\'e}ressant, l'auteur explique ce que sont les RIA",
	author = "Smith, K.",
	bdsk-url-1 = "http://dx.doi.org/10.1109/MC.2006.177",
	date-modified = "2011-12-16 11:07:13 +0100",
	doi = "10.1109/MC.2006.177",
	issn = "0018-9162",
	journal = "Computer",
	keywords = "Ajax-style Web development; XML; asynchronous JavaScript; browser-based Web application; customer satisfaction; desktop application; interface complexity; network latency; request-wait-response-wait pattern; standards-based programming technique; Internet; Java; XML; object-oriented programming; online front-ends",
	localfile = "Smith06_SimplifyingAjax.pdf",
	month = "may",
	number = "5",
	pages = "98--101",
	title = "{Simplifying Ajax-style Web development}",
	volume = "39",
	year = "2006"
}

@inproceedings{Farrell07_RIA,
	annote = "L'auteur nous raconte comment les RIA fonctionnent. Pour le probl{\`e}me principal des RIA est l'accessibilit{\'e}. Le second serait le manque de mod{\`e}le d'architecture clair (il ne donne pas beaucoup plus de pr{\'e}cisions)",
	author = "Farrell, J. and Nezlek, G.S.",
	bdsk-url-1 = "http://dx.doi.org/10.1109/ITI.2007.4283806",
	booktitle = "{Information Technology Interfaces, 2007. ITI 2007. 29th International Conference on}",
	date-modified = "2011-12-16 10:59:33 +0100",
	doi = "10.1109/ITI.2007.4283806",
	issn = "1330-1012",
	keywords = "Ajax; client/server model; interactive Internet programming; rich Internet application development; Internet; client-server systems; programming; software engineering",
	localfile = "Farrell07_RIA.pdf",
	month = "june",
	pages = "413--418",
	title = "{Rich Internet Applications The Next Stage of Application Development}",
	year = "2007"
}

@incollection{Zhang10_ElasticMobile,
	author = "Zhang, Xinwen and Jeong, Sangoh and Kunjithapatham, Anugeetha and Gibbs, Simon",
	booktitle = "{Mobile wireless middleware, operating systems, and applications}",
	localfile = "/home/jrf/Dropbox/phd/Bib/Zhang10_ElasticMobile.pdf",
	pages = "161--174",
	publisher = "Springer",
	title = "{Towards an elastic application model for augmenting computing capabilities of mobile platforms}",
	year = "2010"
}

@inproceedings{Yang2000_OfflineMode,
	author = "Yang, Yun",
	booktitle = "{Web Information Systems Engineering, 2000. Proceedings of the First International Conference on}",
	localfile = "/home/jrf/Dropbox/phd/Bib/Yang2000_OfflineMode.pdf",
	organization = "IEEE",
	pages = "486--490",
	title = "{Supporting online Web-based teamwork in offline mobile mode too}",
	volume = "1",
	year = "2000"
}

@article{Marco11_InterruptionResilience,
	author = "Marco, F{\'e}lix Albertos and Gallud, Jos{\'e} and Penichet, Victor and Winckler, Marco",
	localfile = "/home/jrf/Dropbox/phd/Bib/Marco11_InterruptionResilience.pdf",
	title = "{A Model-Based Approach for Supporting Offline Interaction with Web Sites Resilient to Interruptions}",
	year = "2011"
}

@inproceedings{Cannon10_JsPersistence,
	acmid = "1772711",
	address = "New York, NY, USA",
	author = "Cannon, Brett and Wohlstadter, Eric",
	booktitle = "{Proceedings of the 19th international conference on World wide web}",
	doi = "10.1145/1772690.1772711",
	isbn = "978-1-60558-799-8",
	keywords = "JavaScript; html5; json; object persistence; web storage",
	localfile = "/home/jrf/Dropbox/phd/Bib/Cannon10_JsPersistence.pdf",
	location = "Raleigh, North Carolina, USA",
	numpages = "10",
	pages = "191--200",
	publisher = "ACM",
	series = "{WWW '10}",
	title = "{Automated object persistence for JavaScript}",
	url = "http://doi.acm.org/10.1145/1772690.1772711",
	year = "2010"
}

@inproceedings{Benson10_SyncKit,
	acmid = "1772704",
	address = "New York, NY, USA",
	author = "Benson, Edward and Marcus, Adam and Karger, David and Madden, Samuel",
	booktitle = "{Proceedings of the 19th international conference on World wide web}",
	doi = "10.1145/1772690.1772704",
	isbn = "978-1-60558-799-8",
	keywords = "cache; client-side; data base; database; performance; web",
	location = "Raleigh, North Carolina, USA",
	numpages = "10",
	pages = "121--130",
	publisher = "ACM",
	series = "{WWW '10}",
	title = "{Sync kit: a persistent client-side database caching toolkit for data intensive websites}",
	url = "http://doi.acm.org/10.1145/1772690.1772704",
	year = "2010"
}

@article{Kao12_WOPRE,
	author = "Kao, Yung-Wei and Lin, ChiaFeng and Yang, Kuei-An and Yuan, Shyan-Ming",
	doi = "10.1016/j.csi.2011.08.006",
	issn = "0920-5489",
	journal = "Computer Standards \& Interfaces",
	keywords = "Mobile device; Offline mobile Web application; Mobile content adaptation",
	number = "1",
	pages = "212--224",
	title = "{A Web-based, Offline-able, and Personalized Runtime Environment for executing applications on mobile devices}",
	url = "http://www.sciencedirect.com/science/article/pii/S0920548911000869",
	volume = "34",
	year = "2012"
}

@article{Ellis89_OT,
	author = "Ellis, Clarence A and Gibbs, Simon J",
	journal = "ACM SIGMOD Record",
	number = "2",
	pages = "399--407",
	publisher = "ACM",
	title = "{Concurrency control in groupware systems}",
	volume = "18",
	year = "1989"
}

@article{Sun98_CSCW,
	author = "Sun, Chengzheng and Jia, Xiaohua and Zhang, Yanchun and Yang, Yun and Chen, David",
	journal = "ACM Transactions on Computer-Human Interaction (TOCHI)",
	number = "1",
	pages = "63--108",
	publisher = "ACM",
	title = "{Achieving convergence, causality preservation, and intention preservation in real-time cooperative editing systems}",
	volume = "5",
	year = "1998"
}

@inproceedings{Shapiro11_CRD,
	acmid = "2050642",
	address = "Berlin, Heidelberg",
	author = "Shapiro, Marc and Pregui\c{c}a, Nuno and Baquero, Carlos and Zawirski, Marek",
	booktitle = "{Proceedings of the 13th International Conference on Stabilization, Safety, and Security of Distributed Systems}",
	isbn = "978-3-642-24549-7",
	keywords = "eventual consistency; large-scale distributed systems; replicated shared objects",
	localfile = "/home/jrf/Dropbox/phd/Bib/Shapiro11_CRD.pdf",
	location = "Grenoble, France",
	numpages = "15",
	pages = "386--400",
	publisher = "Springer-Verlag",
	series = "{SSS'11}",
	title = "{Conflict-free Replicated Data Types}",
	url = "http://dl.acm.org/citation.cfm?id=2050613.2050642",
	year = "2011"
}

